4000 6334
590 146 605 198 1

136 317 181 378 509
399 301 780 366 comessasionibus
798 298 995 360 Eetstohttt
1014 297 1062 360 AD
1080 295 1242 356 daturos
1261 293 1454 354 PROLOGUS.
1712 267 1781 358 oto

137 433 282 491 stromatum
302 441 416 485 suorum
435 427 537 484 librum
550 421 713 482 commatico
727 433 811 492 super
821 417 915 490 espla·
928 419 956 484 Α
968 413 1206 491 scrupulositatem
1220 413 1360 483 ciborum,
1375 419 1404 470 et
1422 427 1472 489 per
1485 411 1545 472 dies
1556 410 1679 486 singulos
1692 409 1769 494 larq-

135 526 229 585 nrtione
247 521 307 593 elus
327 534 456 577 sermone
473 516 622 591 complevit
646 532 654 573 ι
677 513 822 571 Tractatos
845 525 913 585 quo·
966 525 1013 568 cra
1028 510 1125 568 lterum
1139 506 1324 578 sordidanda,
1340 505 1519 588 371-373
1533 505 1620 578 gratia
1636 505 1762 590 Evange-

135 615 291 692 quorsrlos,
308 621 337 671 et
352 613 506 686 Excerpta,
521 625 585 682 quar
604 610 648 665 rel
663 608 721 665 sola
736 605 842 680 possint
856 601 912 680 [ut.
966 602 997 660 lil
1013 603 1180 678 subrepente
1196 615 1339 670 cessasse,
1354 613 1435 675 qoam
1451 614 1505 658 non
1519 597 1632 678 sanguis
1647 596 1768 659 victima·

134 706 242 784 possent]
263 706 402 774 suiilcere,
426 703 591 778 composuit.
618 698 804 759 Praetermitto
830 697 913 771 Didy·
963 713 1044 766 rum,
1060 697 1108 754 sed
1132 694 1199 754 lldcs
1222 696 1321 752 animae
1344 695 1482 752 credentis
1506 694 1647 768 impleret.
1663 691 1765 750 llcrom

27 856 28 863 ,
133 817 206 866 murm,
219 797 356 854 ridentem
381 812 493 866 meum,
509 803 539 852 et
553 792 740 850 Laodicenum
761 787 913 862 (apollina-
964 789 1030 847 alibi
1044 805 1096 861 pro
1111 799 1200 861 parte,
1215 798 1242 845 et
1264 796 1295 846 ut
1319 801 1349 846 se
1371 787 1445 844 aliud
1462 787 1551 860 agenti
1568 789 1626 844 lraec
1648 786 1766 860 quaestio

27 878 28 955 i
132 891 192 963 rem)
200 888 231 945 de
239 886 360 944 Ecclesia
372 902 460 958 nuper
469 899 621 957 egressum,
632 893 661 940 ct
669 881 858 939 Alexandrum
866 894 914 936 rc·
964 881 1122 946 obtulerat,
1136 897 1169 938 er
1186 882 1272 938 latere
1287 880 1456 953 disputatum
1471 888 1531 950 est,
1557 888 1586 937 et
1608 894 1679 950 pene
1700 893 1765 950 per-

27 976 28 1045 ἷ
133 993 209 1038 terem
228 979 408 1046 hereticum,
425 977 573 1034 Eusebium
598 991 708 1057 quoque
732 974 913 1042 Emesepum,
964 975 1102 1038 strictum.
1119 974 1149 1037 in
1161 974 1204 1030 his
1219 983 1310 1032 autern
1335 974 1451 1041 duabus,
1468 981 1500 1030 ut
1523 972 1604 1042 diui,
1618 971 1765 1045 Epistolis,

135 1073 334 1134 etllreodorum
357 1074 549 1140 Heracleoten,
575 1073 622 1143 qui
644 1079 672 1127 ct
694 1069 747 1141 lpei
765 1069 914 1126 nonrrullos
964 1069 1126 1142 specialiter
1157 1067 1277 1140 arrthuae
1310 1067 1379 1140 legis
1412 1067 1542 1137 cessatio,
1565 1075 1594 1124 et
1617 1082 1697 1125 novae
1725 1067 1768 1124 in·

27 1212 28 1225 .
132 1168 311 1240 surperbacre
331 1165 579 1223 Conrnreutariolos
602 1163 658 1238 [At.
681 1162 914 1236 Commentarios]
965 1166 1106 1224 troductio
1141 1164 1309 1221 continetur.
1335 1163 1388 1221 Scd
1422 1162 1456 1219 ad
1479 1162 1592 1220 Galatas
1620 1161 1672 1218 boc
1703 1177 1768 1233 pro.

27 1238 28 1319 Ῐ
131 1263 294 1334 reliquerunt.
307 1261 329 1317 E
340 1262 442 1332 quibas
461 1261 484 1315 si
500 1261 542 1317 rel
556 1274 641 1331 pauca
661 1259 850 1331 decerperem,
865 1259 915 1316 lle·
965 1259 1056 1334 prium
1070 1257 1162 1324 babet,
1174 1256 1247 1333 qnod
1263 1271 1317 1314 non
1333 1256 1427 1318 scribit
1441 1254 1476 1312 ad
1492 1254 1601 1326 eosqui
1617 1269 1650 1316 er
1664 1252 1766 1313 induis

27 1406 28 1413 ,
130 1365 165 1414 ιιι
176 1355 270 1426 aliquid
287 1354 363 1426 quod
377 1369 433 1408 non
445 1353 554 1424 penitus
568 1361 804 1409 contemneretur.
820 1351 914 1423 ltaque
964 1352 992 1410 in
1008 1351 1145 1408 Christum
1162 1349 1355 1419 crediderant,
1371 1359 1399 1404 et
1421 1358 1548 1420 paternas
1563 1347 1697 1418 putabant
1711 1361 1765 1414 caa-

27 1490 28 1517 ,
131 1457 155 1504 ut
165 1446 323 1518 simpliciter
336 1445 436 1516 fatear,
457 1445 510 1518 legi
526 1446 585 1501 baec
599 1445 709 1513 omnia,
724 1453 752 1500 ct
777 1446 804 1498 iu
822 1453 914 1500 mente
964 1445 1104 1502 remorrias
1118 1443 1305 1500 observandas
1322 1461 1328 1498 :
1351 1441 1399 1498 sed
1417 1439 1451 1495 ad
1468 1453 1516 1496 eos
1530 1437 1578 1512 qui
1592 1453 1626 1498 cx
1640 1438 1768 1512 gentibus

128 1557 179 1599 raca
193 1539 311 1611 piurima
325 1553 511 1606 coacervans,
535 1539 627 1596 accito
640 1538 762 1606 notario,
778 1537 821 1595 vel
836 1551 912 1606 mea,
966 1539 1049 1594 iidem
1065 1538 1206 1609 Evangelii
1233 1543 1412 1608 receperant,
1430 1541 1458 1590 et
1472 1547 1580 1589 rursum
1595 1539 1670 1589 retro
1683 1529 1765 1603 lapsi,

27 1670 28 1681 ι
128 1632 261 1690 velaliena
286 1630 402 1700 dictari,
418 1646 471 1688 nee
493 1630 618 1700 ordinis,
642 1646 696 1688 nec
709 1631 858 1687 verborum
872 1634 915 1691 in·
966 1631 1148 1706 quorumdam
1173 1629 1280 1686 lucrant
1305 1628 1469 1688 auctoritate
1484 1625 1625 1695 deterriti,
1641 1639 1767 1682 asseren-

27 1752 28 1755 ¹
126 1728 231 1795 terdum,
246 1741 300 1796 nec
322 1741 454 1782 sensuum
469 1735 484 1765 ⁸
498 1727 661 1784 memorium
686 1736 838 1783 retentans.
853 1726 914 1784 lanu
967 1725 1034 1780 tium
1050 1723 1160 1780 Petrum
1176 1737 1286 1797 quoqne
1307 1721 1501 1789 etiamnum,
1518 1725 1548 1776 ct
1571 1727 1642 1776 totas
1665 1717 1767 1784 iudaeae

128 1821 355 1879 hominitautuns
371 1820 646 1894 miscricordiaeest,
671 1837 707 1878 ne
728 1837 778 1894 per
802 1814 1124 1894 imperi-thclcsias.
1155 1803 1334 1885 &budellum
1370 1810 1477 1868 Chilist
1499 1827 1561 1867 ⁰⁰¹⁰
1593 1810 1653 1882 ¹08ss
1680 1808 1766 1867 veleri

128 1918 185 1973 tium
197 1925 320 1973 nostram
334 1915 370 1972 ab
385 1916 448 1972 aliis
461 1915 532 1975 benc
547 1916 621 1974 dicta
635 1917 844 1988 dispereant‚et
857 1933 911 1974 non
964 1910 1120 1967 miscuisse.
1138 1908 1228 1979 lpsum
1243 1907 1325 1964 ctiam
1342 1905 1453 1963 Paulum
1477 1904 1549 1962 aliud
1566 1907 1593 1960 in
1615 1903 1709 1961 lvrdma
1723 1901 1765 1976 ia·

27 2030 28 2053 r
126 2009 237 2088 placeant
253 2009 328 2066 inter
342 2017 507 2076 extraneos,
524 2023 585 2080 qum
600 2011 712 2080 placent
733 2009 807 2068 inter
832 2025 910 2066 suos.
964 2021 1040 2076 cere,
1056 2005 1130 2061 aliud
1146 2003 1304 2060 nationibus
1319 2000 1470 2074 praedicare
1487 2017 1494 2056 ε
1518 2008 1546 2057 ct
1561 1999 1661 2058 trustra
1675 2014 1723 2056 eos
1737 2000 1763 2054 in

125 2103 310 2176 Argumentum
333 2102 430 2174 itaque
446 2103 579 2174 Epistulae
594 2103 676 2176 hujus
698 2105 819 2163 breviter
837 2120 913 2161 corn·
962 2098 1129 2157 Crucifixum
1155 2098 1279 2170 credere,
1308 2097 1332 2152 si
1359 2097 1386 2154 id
1415 2095 1608 2168 negligendum
1633 2102 1766 2169 putarent

125 2195 296 2265 prehendens,
310 2192 325 2234 l
341 2193 394 2250 bac
407 2193 571 2267 praelatione
584 2212 759 2268 conrrnonco‚
775 2205 806 2254 ut
817 2198 912 2270 sciatis
962 2193 1036 2264 quod
1060 2189 1288 2264 llpostniorum‘l
1313 2190 1451 2262 principes
1473 2189 1664 2245 observarent.
1691 2185 1765 2268 Qua-

123 2289 231 2346 ranrdem
245 2303 308 2346 esse
322 2277 467 2345 materiam
488 2298 516 2345 et
529 2290 663 2360 Epistulae
675 2289 755 2348 Pauli
779 2291 812 2346 ad
826 2291 909 2349 Gala·
962 2287 1087 2344 mohrcm
1112 2289 1148 2342 ita
1169 2296 1248 2342 caute
1270 2287 1341 2343 inter
1355 2294 1502 2352 utrumque
1516 2292 1545 2338 ct
1566 2282 1672 2339 medius
1687 2283 1764 2339 ince-

123 2391 168 2450 ιιι,
179 2392 204 2438 et
218 2397 281 2454 quae
294 2382 330 2438 ad
356 2381 495 2438 nonanus
518 2383 621 2454 scripta
635 2388 688 2438 est.
711 2381 766 2440 Sed
791 2382 844 2440 hoe
860 2384 912 2450 dii·
960 2383 1011 2453 dit,
1028 2391 1056 2438 ut
1068 2397 1120 2438 nec
1140 2380 1282 2453 Evangelii
1297 2381 1394 2452 prodat
1408 2377 1548 2452 gratiam,
1565 2391 1677 2447 pressos
1693 2389 1764 2460 pon-

121 2470 187 2528 ierre
200 2472 274 2528 inter
295 2480 453 2543 utramque,
477 2471 552 2544 qued
572 2473 601 2529 in
616 2472 662 2529 illa
676 2473 766 2531 altiori
786 2489 866 2531 sensu
882 2487 911 2534 et
960 2478 1027 2534 dere
1052 2485 1080 2533 et
1105 2475 1270 2534 auctoritare
1298 2474 1444 2544 majorum,
1470 2486 1522 2528 nec
1543 2470 1762 2542 precessoribus

27 2586 28 2605 1
122 2563 337 2636 pmiundiorihus
351 2579 418 2621 usus
441 2576 484 2623 est
507 2569 695 2639 argumentis,
710 2567 756 2625 hic
778 2571 858 2643 qnasi
874 2572 909 2628 ad
960 2573 1040 2630 iaciat
1057 2571 1196 2644 injuriam,
1214 2569 1277 2625 dum
1302 2581 1426 2624 assertor
1451 2577 1493 2622 cst
1513 2566 1609 2640 gratiae
1626 2565 1761 2640 :oblique

27 2664 28 2667 ’
120 2673 162 2714 eos
171 2659 305 2726 scribens,
322 2658 360 2715 de
384 2661 484 2732 quibus
506 2663 535 2716 in
558 2662 792 2733 consequentibus
806 2664 844 2719 ait
860 2663 909 2718 ιθ
959 2681 1024 2722 vero
1037 2675 1066 2721 et
1080 2663 1157 2736 quasi
1183 2679 1231 2735 per
1256 2661 1399 2719 cuniculos
1423 2662 1545 2716 latenter
1565 2657 1714 2716 incedens:
1732 2668 1762 2713 ut

119 2752 229 2808 homati
242 2751 370 2810 Gmatc:
385 2754 420 2812 Et
437 2773 445 2811 ι
472 2753 518 2812 Sic
542 2757 790 2831 inspiracione,
815 2759 864 2815 tali
878 2773 909 2816 se
959 2757 1014 2834 [rii.
1032 2757 1069 2834 er]
1085 2759 1197 2816 Petrum
1211 2756 1311 2814 doceat
1333 2771 1384 2828 pro
1398 2757 1545 2812 commissa
1568 2755 1621 2811 sibi
1638 2753 1759 2810 circum·

119 2859 233 2905 samone
258 2847 423 2905 moderatus
446 2857 501 2919 est,
527 2851 602 2922 quod
626 2852 782 2924 increparet
804 2855 907 2926 potins,
958 2853 1071 2908 cisionis
1085 2851 1167 2922 plebe
1181 2851 1284 2919 lacere,
1297 2863 1332 2906 ne
1344 2849 1379 2903 ab
1391 2847 1503 2919 antiquo
1517 2856 1632 2918 repente
1649 2844 1757 2902 vivendi

118 2955 188 3010 qoam
201 2939 342 2997 doceret:
368 2949 397 2998 et
418 2957 499 3014 qoem
513 2953 625 3015 possent
641 2946 719 3002 stulti
741 2946 905 3020 intelligere,
957 2962 1035 3004 more
1049 2947 1216 3016 desciscens,
1241 2945 1268 3000 iu
1282 2958 1391 3003 erucem
1417 2941 1603 2999 scandalizata
1625 2956 1681 2999 non
1697 2956 1759 2999 cre·

27 3050 28 3065 ι
117 3042 310 3092 utcommunes
324 3034 491 3102 sententias,
509 3037 649 3092 communi
673 3038 799 3094 oratione
822 3042 907 3096 vesti·
956 3042 1056 3111 deret,
1097 3051 1124 3097 et
1158 3039 1209 3096 sibi
1248 3037 1443 3109 predicatione
1474 3037 1597 3108 gentium
1631 3035 1756 3102 credita,

27 3162 28 3194 3
116 3136 200 3196 rct,et
218 3144 290 3202 quos
313 3129 388 3186 ratio
412 3128 530 3186 suadere
555 3145 610 3186 oon
627 3140 746 3202 poterat,
761 3144 906 3190 revocaret
959 3148 1092 3209 ecquam
1121 3151 1184 3194 csse
1210 3135 1237 3190 id
1263 3149 1313 3206 pro
1342 3133 1459 3189 veritate
1490 3131 1654 3202 defendere,
1685 3131 1758 3204 quod

115 3223 263 3280 auctmbm.
284 3222 382 3280 Nullus
396 3222 507 3296 quidem
519 3221 643 3296 Apostoli
656 3239 748 3285 sermo
763 3236 816 3294 est,
835 3229 903 3286 0ch
919 3213 943 3279 C
958 3229 1028 3286 alius
1054 3244 1108 3302 pro
1135 3229 1341 3302 dispensatione
1368 3225 1521 3282 simularet.
1549 3224 1630 3296 Quod
1656 3241 1759 3298 nequa·

115 3316 389 3389 perllpistolam,vel
413 3318 695 3394 praesentiamque
719 3321 906 3380 nonlaboret
955 3339 1035 3399 quam
1065 3320 1221 3394 intelligens
1247 3319 1258 3360 ¹
1284 3322 1448 3376 Bataneotes
1473 3328 1502 3376 ct
1529 3319 1682 3375 sceleratus
1709 3319 1757 3388 ille

115 3409 335 3491 doecresnthuaa
358 3411 443 3485 begis
455 3428 540 3469 onera
554 3413 691 3486 deposita,
707 3424 735 3471 et
748 3417 841 3472 omnia
856 3417 902 3476 illa
956 3415 1135 3488 Porphyrius,
1162 3413 1189 3469 in
1214 3414 1303 3486 primo
1318 3411 1412 3484 operis
1426 3410 1468 3467 sui
1490 3411 1638 3481 adversum
1659 3426 1710 3467 nos
1726 3411 1758 3467 li-

26 3568 30 3590 ,
115 3518 166 3574 qua
179 3506 205 3562 in
216 3507 293 3578 typis
316 3516 346 3564 et
369 3507 534 3578 imaginibus
555 3519 769 3579 precesserunt,
797 3509 824 3565 id
848 3522 900 3581 est,
956 3507 1025 3575 bro,
1040 3507 1151 3563 Petrum
1180 3521 1195 3572 a
1223 3505 1308 3561 Paulo
1332 3503 1434 3574 objecit
1448 3517 1511 3562 esse
1531 3503 1753 3583 reprehensum,

115 3595 189 3654 otium
207 3598 336 3667 sabbati,
357 3581 575 3656 circumcisionis
600 3599 744 3672 injuriam,
765 3601 902 3659 Kalenda-
953 3599 1026 3671 quod
1038 3615 1091 3655 non
1107 3606 1183 3656 recto
1195 3597 1264 3670 pede
1275 3595 1415 3652 incederet
1427 3594 1461 3650 ad
1476 3595 1731 3668 evangelizandum
1746 3591 1753 3652 Ξ

114 3703 166 3748 turo
178 3702 205 3751 et
223 3695 309 3752 trium
324 3709 375 3766 per
397 3707 498 3750 annum
524 3691 727 3755 solemnitatum
752 3710 900 3769 recursus,
946 3677 1048 3754 ¹volcas
1062 3704 1090 3752 et
1103 3694 1143 3750 illi
1155 3693 1289 3752 maculam
1304 3691 1409 3749 erroris
1424 3689 1553 3758 inurere,
1568 3700 1596 3746 ct
1610 3691 1673 3747 huic
1693 3707 1756 3781 pto·

145 3908 156 3937 ¹
174 3900 328 3962 inlaudata
343 3903 378 3960 ad
398 3902 580 4030 dirgrrstinom
603 3907 684 3976 epist.
705 3906 816 3966 brevius
831 3925 839 3964 a
855 3925 901 3967 oce
955 3923 1041 3982 quare
1061 3915 1089 3967 ct
1108 3907 1219 3966 civitate
1232 3906 1351 3964 donatus
1371 3879 1756 3978 avyrrts‘hoipuiitis'iid!

115 3985 221 4028 masura
235 3993 345 4032 mersor.
357 3965 418 4031 Jom

395 4039 409 4047 ..
459 3975 864 4044 oorirriurircricordiaeert,etc.
955 3983 1010 4050 rit,
1038 3978 1258 4054 quandoquidem
1286 3977 1397 4033 Trium
1427 3977 1508 4048 vulgo
1532 3975 1672 4031 exstitisse
1686 3991 1750 4034 cunt

144 4042 157 4088 1
173 4046 258 4104 Palat.
271 4063 326 4106 ms.
341 4049 390 4101 hoc
407 4049 562 4119 prefatione
584 4065 756 4105 eorrrmorreo:
776 4060 804 4106 et
818 4068 898 4120 mor,
956 4055 1070 4108 tradunt
1083 4050 1239 4120 Eunapius,
1261 4059 1289 4106 ct
1305 3994 1325 4104 l

1327 4047 1406 4104 lotioi
1421 4048 1498 4118 Vita,
1510 4059 1570 4116 cap.
1586 4045 1613 4101 'l.
1630 4048 1753 4119 lienique

27 4172 28 4177 ,
116 4119 380 4188 Miditntsitwloea
396 4120 664 4189 ‘Pitheci-collidi·
955 4127 1045 4180 visum
1066 4133 1109 4181 est
1131 4124 1210 4190 aliis,
1235 4121 1409 4177 bataneotem
1437 4133 1486 4190 per
1511 4117 1664 4174 convicium
1677 4119 1750 4185 dici,

146 4190 246 4251 eidem
261 4191 349 4255 Palat.
364 4191 463 4259 codex,
489 4207 575 4258 sermo
597 4202 650 4260 cat,
670 4193 710 4248 oet
730 4192 857 4264 epistole,
873 4195 902 4260 io
955 4197 1027 4266 quod
1045 4203 1185 4252 taurorum
1198 4194 1285 4252 instar
1307 4193 1474 4267 βατανιωτῶν
1498 4191 1609 4262 petulco
1631 4207 1699 4254 ausu
1725 4193 1751 4254 iq

115 4273 157 4328 quq
169 4278 217 4316 non
233 4262 344 4329 inheret,
360 4274 428 4328 etc„
441 4264 586 4334 expunctis
602 4264 752 4335 interjectis
778 4266 898 4334 voculis,
956 4269 1096 4324 Christum
1109 4266 1222 4336 ejusque
1238 4263 1318 4322 iidem
1331 4263 1524 4320 insurrexerit.
1535 4266 1754 4342 dtqmecgoqni-

115 4333 156 4394 leb
169 4344 194 4387 et
206 4335 352 4405 proesemr's.
472 4405 478 4417 ι
535 4406 541 4416 ι
955 4339 1029 4408 dem,
1054 4348 1085 4398 nt
1105 4336 1324 4408 sedolodtcom,
1340 4335 1444 4395 tluabus
1460 4335 1711 4406 biscecony'ecturis
1726 4339 1753 4396 in

145 4399 260 4466 ‘Pasce
280 4406 424 4462 bahanem
443 4421 542 4462 orrnorr
567 4407 698 4475 numr'ro,
715 4408 837 4480 princeps
857 4412 903 4464 ob·
955 4429 1040 4468 onum
1053 4412 1172 4483 y'onctis,
1186 4411 1292 4481 sibique
1302 4411 1418 4466 invicem
1430 4411 1646 4481 sutlragantihus
1662 4411 1751 4468 liben-

116 4483 224 4550 imstsi·
251 4549 258 4562 ‚
956 4485 1011 4542 rios
1024 4485 1165 4554 accedam.
1182 4483 1277 4554 Neque
1296 4484 1368 4540 enim
1392 4482 1491 4539 adduci
1512 4495 1639 4554 possum,
1654 4492 1686 4543 ιιι
1698 4499 1751 4556 pn.

147 4555 158 4584 ²
173 4542 290 4610 Palatua.
319 4563 386 4628 mys,
414 4567 514 4624 acquum
540 4560 605 4608 osset
628 4569 674 4622 pro
690 4552 798 4608 ueritate
812 4554 902 4626 desert·
957 4564 1024 4628 tent,
1038 4552 1096 4614 ιίιὶἰ
1108 4552 1211 4626 aliquid
1222 4554 1353 4610 vocabulo
1364 4553 1521 4622 inolevisse,
1536 4564 1751 4628 corruptumque

116 4615 176 4682 dire.
188 4628 239 4675 016·
955 4627 1131 4684 librariorum
1144 4626 1221 4694 eulpa
1237 4641 1348 4680 nomen.
1372 4623 1439 4680 Nam
1454 4637 1482 4680 et
1502 4641 1516 4679 a
1537 4625 1749 4699 chrysostomo,

149 4687 158 4732 1
175 4691 230 4747 ilar
243 4693 406 4750 &tenentes
427 4695 462 4748 ab
477 4694 645 4767 llieronynro
667 4695 840 4768 Porphyrius
852 4711 901 4768 ap·
954 4699 1084 4755 hombli
1108 4701 1134 4754 in
1151 4698 1208 4754 lad
1223 4695 1349 4752 Corinth.
1369 4697 1530 4766 Epistulam,
1552 4700 1625 4754 etah
1639 4703 1751 4755 Anasta-

116 4760 234 4883 sstllqlus,
254 4766 301 4830 dio
322 4766 494 4841 matrumque
509 4777 553 4824 est
578 4768 651 4838 qood
665 4781 772 4826 certant
787 4770 898 4828 eruditi.
953 4772 995 4826 sio
1006 4771 1112 4829 Sinaita
1126 4772 1152 4826 in
1165 4771 1276 4840 llodego
1288 4809 1296 4834 ,
1310 4767 1355 4824 obi
1369 4769 1547 4826 Severianum
1559 4769 1637 4839 quasi
1648 4785 1750 4829 novum

137 4833 234 4913 lemque
253 4846 345 4919 aciem
366 4839 396 4907 iu
414 4852 474 4895 etth
489 4853 652 4901 concessere
673 4839 845 4908 opinionum,
871 4853 901 4903 stt
952 4841 1136 4914 Porphyrium
1151 4841 1317 4912 perstringit,
1340 4842 1506 4916 βατανεὼτης
1528 4842 1702 4912 appellatur:
1723 4853 1752 4910 et

117 4905 267 4962 vocabulum
279 4922 369 4978 ipsum
385 4908 486 4964 cubare
500 4911 527 4965 in
543 4911 641 4966 mendo
654 4913 778 4966 arlritrati
792 4913 860 4975 sint,
872 4923 900 4968 et
952 4913 1090 4986 siqnidem
1105 4913 1173 4968 velis
1198 4910 1281 4968 irrisos
1300 4913 1327 4967 iu
1352 4915 1457 4968 exotica
1478 4928 1544 4968 voce
1570 4915 1751 4972 describenda

117 4987 161 5054 litt
179 4990 228 5032 stro
250 4983 369 5050 quisquc
392 4981 502 5049 ingenio
521 4982 714 5038 contenderint
740 4985 898 5040 emendare.
952 4984 1068 5041 Latinos
1082 4999 1264 5040 amanuenses
1285 4983 1311 5038 in
1329 4983 1515 5057 llicronymo,
1539 4985 1655 5052 idipsum
1672 4996 1700 5042 et
1714 4985 1750 5042 dc

117 5043 281 5116 hironimus,
306 5053 389 5120 epist.
412 5053 527 5122 quadarn
551 5054 585 5110 ad
610 5053 801 5121 holstenium,
817 5057 900 5128 dolc-
952 5057 1109 5112 vernaculis
1144 5057 1246 5114 Gracis
1272 5065 1369 5126 putare
1400 5070 1514 5112 necesse
1539 5055 1641 5112 habeas
1665 5071 1752 5128 pones

118 5121 200 5185 orliens
221 5121 431 5206 rescribendum
456 5125 592 5196 conjecit,
613 5125 690 5196 eujus
704 5125 780 5185 rcrhi
793 5128 900 5199 sigtrih·
950 5127 1191 5203 chrysostomum,
1211 5138 1238 5184 et
1250 5127 1403 5196 sinaitam,
1420 5127 1491 5198 qrmd
1507 5126 1542 5181 ab
1554 5128 1628 5184 omni
1646 5129 1750 5186 verita·

119 5195 201 5273 catos,
224 5189 249 5248 ud
264 5206 316 5259 cst,
332 5195 443 5260 ardebo,
468 5213 614 5264 peruersus.
629 5194 778 5264 offerretur,
805 5199 900 5268 bisque
953 5203 987 5255 tis
1004 5201 1097 5270 specie
1119 5199 1253 5255 abhorret
1279 5199 1396 5254 immane
1420 5210 1562 5270 quantum.
1585 5197 1630 5254 Sic
1656 5207 1749 5260 autem

119 5261 222 5343 scurilia,
237 5267 272 5320 ab
293 5265 354 5336 ejus
376 5265 532 5335 philosophi
555 5269 679 5323 moribus
700 5286 755 5323 non
783 5269 898 5327 ablrrdit.
952 5273 1091 5336 eristiruo,
1108 5273 1219 5340 quando
1231 5272 1328 5343 patriae
1343 5285 1441 5326 nornen
1453 5272 1479 5324 io
1492 5268 1666 5325 maledictum
1679 5285 1747 5327 eon-

120 5328 220 5412 lhurme
233 5353 296 5392 vcro
316 5337 462 5395 llolsvenio
473 5339 522 5408 ipsi
539 5340 694 5410 coniectura
712 5341 771 5396 baec
787 5341 900 5409 placuit,
953 5353 1080 5414 torquere
1091 5358 1138 5413 per
1149 5345 1293 5413 ipsiusmet
1303 5346 1378 5399 vocis
1389 5341 1568 5411 significatum
1581 5339 1609 5394 in
1621 5353 1748 5412 promptu

119 5417 157 5484 ‘lut
174 5408 264 5490 coaluit
283 5410 433 5482 peridrome
459 5413 571 5483 reponi,
585 5413 658 5481 quod
684 5413 709 5468 in
734 5414 854 5482 antiquis
870 5413 902 5468 li·
953 5426 1024 5482 erat,
1040 5417 1076 5470 ita
1092 5415 1279 5479 Bataocotern,
1304 5429 1366 5470 conr
1383 5415 1416 5468 ab
1441 5414 1624 5483 hieronymo,
1640 5421 1697 5470 tum
1712 5415 1748 5476 ab

119 5469 179 5554 bris,
193 5475 380 5546 Erorlroniotes,
396 5485 455 5537 sire
467 5481 630 5536 Retlroniotrs
646 5484 775 5555 scriptum
792 5501 902 5554 repere·
953 5489 1014 5542 aliis
1024 5487 1203 5556 scriptoribus
1218 5484 1384 5557 appellatum
1405 5483 1584 5554 Porphyrium
1598 5524 1606 5550 ,
1622 5493 1650 5538 ut
1661 5487 1748 5558 inagis

120 5553 162 5624 rit.
178 5548 349 5622 llocqooqrre
365 5555 525 5607 vircabolum
540 5555 692 5627 Porplryrio
708 5556 833 5624 quadrua,
852 5558 903 5610 iro-
953 5558 1067 5627 impium
1083 5569 1165 5629 atque
1182 5560 1286 5614 el'lrene
1303 5557 1420 5612 hominis
1444 5555 1582 5624 turgentum
1596 5556 1747 5626 exprobra-

122 5629 160 5695 pur
180 5619 298 5704 licemini,
320 5634 350 5678 et
362 5625 406 5680 cui
418 5626 534 5680 violenta
557 5635 645 5682 morte
658 5628 713 5684 vita
735 5629 899 5697 eriperetur,
953 5640 1024 5686 rent.
1050 5630 1118 5686 lluic
1142 5633 1199 5686 lere
1219 5630 1357 5698 gerulorum
1373 5628 1439 5683 illud
1456 5635 1513 5694 est,
1529 5626 1601 5696 quod
1616 5627 1697 5698 epist.
1713 5628 1748 5684 ad

123 5684 278 5755 dtgrrrssrnro.
292 5695 362 5752 Aliis
380 5697 469 5764 placet
482 5699 572 5753 natale
584 5698 643 5768 cjus
658 5701 748 5754 sulum
763 5701 901 5767 denotari,
952 5701 1161 5772 Ctesiphontem
1171 5744 1178 5769 ‚
1190 5703 1253 5767 155,
1270 5711 1362 5756 noster
1384 5698 1526 5770 Evagriurn
1543 5697 1686 5762 Ponticum
1698 5713 1747 5755 vu·

122 5755 255 5820 Balineum
268 5769 375 5824 scilicet
387 5767 475 5839 Syriae
492 5770 638 5839 oppidum,
660 5769 696 5826 de
714 5786 770 5842 quo
784 5771 902 5842 Stepha·
952 5781 998 5828 cat
1011 5773 1243 5846 llyperiboriram,
1258 5772 1331 5844 qnod
1343 5779 1395 5840 est,
1408 5784 1491 5841 super
1505 5767 1622 5826 lberitas
1633 5773 1745 5846 popula-

124 5841 170 5884 aus
187 5830 293 5906 Eymnt·
309 5840 442 5913 loquitur,
466 5840 613 5914 Tyriorum
637 5843 717 5901 iacile
739 5843 899 5902 coloniam:
951 5859 998 5904 res
1011 5846 1198 5904 suosmalum.
1662 5845 1664 5852 ’
