4000 6334
232 248 302 309 tots
629 248 802 311 tensobtx
823 250 869 309 eb
887 249 1010 313 touttu
1028 249 1206 317 SEPTlllllil
1224 256 1254 319 S.
1275 255 1480 322 llllllillliffll·
1810 256 1883 318 toto

227 370 320 442 idolis,
332 372 457 431 diversos
476 370 691 430 ministeriorum
711 372 812 445 gradus
829 373 856 429 in
879 388 911 431 ea
932 372 1028 430 sortiti
1042 398 1068 459 Α
1081 372 1158 445 dedi,
1173 389 1227 433 non
1242 388 1334 433 escam
1351 374 1449 450 (ider.
1473 371 1527 449 ιιι).
1541 373 1592 432 tet
1612 386 1692 432 mons
1707 374 1754 448 gui
1771 375 1799 433 in
1813 375 1882 434 Ese-

229 473 319 523 sunt:
341 466 525 525 distribuente
545 465 605 537 ipso
628 463 727 524 dilecto
751 464 853 535 Patris,
873 474 903 524 ct
924 480 1027 539 coope·
1083 469 1170 527 clriele
1184 470 1313 527 vulnerat
1325 472 1476 543 principem
1489 470 1555 545 Tyri
1570 468 1680 545 (essee
1699 476 1786 542 xxm).
1806 471 1883 529 ilon-

230 569 310 617 ronte
331 559 484 617 Paracleto.
508 558 564 615 iles
578 560 701 615 uirtutum
720 559 819 615 dilecti.
842 559 900 616 lies
923 558 1029 617 Pater:
1083 572 1136 621 tens
1156 574 1248 623 autem
1267 566 1335 623 dicit
1354 568 1441 641 ipsum
1463 566 1619 623 Dominum.
1641 566 1741 639 deputat
1762 568 1880 640 suspica·

229 653 375 709 uirtutum:
390 654 442 711 lroc
465 660 518 723 est,
542 660 710 711 sanctorum.
736 652 842 721 dilecti,
861 652 932 709 Filii.
957 652 1029 710 Ecce
1081 657 1146 713 mini
1165 668 1265 717 montes
1288 660 1445 733 coagulatos.
1472 660 1529 717 lloc
1544 660 1578 717 ad
1602 659 1712 717 ledeos
1734 660 1881 733 disreget

231 744 318 803 Filius
330 760 407 803 meus
421 745 550 813 dilectus,
565 746 654 819 ipsum
669 745 764 804 audite
778 746 870 821 (llott.
883 748 963 819 rnre).
979 745 1029 801 ot·
1081 752 1241 810 existimant
1262 754 1374 828 llopsen
1395 763 1423 812 ct
1442 754 1590 828 propbetas
1613 754 1716 811 similes
1737 768 1799 810 csse
1822 753 1883 811 sot·

228 838 346 896 betisi
370 840 433 911 quis
448 838 570 911 aliquem
595 839 694 912 diligit,
720 854 830 912 semper
852 840 880 897 in
901 855 950 898 oro
964 854 1027 897 eum
1081 846 1179 902 satori.

229 929 323 988 babet.
340 932 412 1005 Ergo
430 932 549 1004 Spiritus
562 941 672 991 sanctus
688 942 800 1005 propter
812 948 933 991 amorem
946 949 1027 1005 quem
1116 937 1195 996 lions
1207 940 1234 996 in
1247 956 1297 1014 pao
1317 942 1472 1014 conspicerit
1488 941 1543 999 lico
1562 940 1678 998 doliture
1697 942 1724 995 in
1746 955 1798 996 co:
1812 939 1882 997 Scn·

229 1022 314 1081 1111111
329 1025 355 1081 in
370 1024 479 1094 eitiunt,
493 1025 650 1098 frequenter
664 1026 722 1098 cius
736 1026 871 1085 meminit.
887 1026 922 1082 Et
933 1026 1029 1099 speciei
1080 1049 1129 1090 sus
1152 1034 1204 1090 iste
1223 1044 1286 1091 est:
1311 1034 1371 1092 Non
1394 1034 1500 1092 debetis
1523 1036 1684 1093 existimare
1706 1034 1799 1107 plnres
1816 1048 1881 1091 csse

229 1116 322 1173 domus
341 1117 457 1175 1111111111
471 1118 565 1191 spolt'tt.
583 1118 637 1191 Ipsi
655 1120 771 1191 apostoli
786 1118 911 1176 dividunt
930 1119 956 1175 ln
977 1119 1029 1176 Ee·
1080 1124 1230 1195 Ecclesiae,
1249 1142 1312 1199 qum
1327 1126 1447 1185 babeant
1463 1128 1547 1186 ubera
1563 1127 1761 1196 doctrinarum,
1775 1137 1803 1183 et
1816 1141 1883 1199 pos-

122 1260 124 1265 ,
228 1210 318 1268 etesiis
331 1211 431 1283 spolia,
448 1227 509 1283 quas
524 1224 692 1285 occeperunt
705 1212 741 1271 de
754 1213 845 1270 idolis.
1080 1219 1136 1276 sint
1154 1218 1299 1276 credentes
1320 1220 1444 1277 scientim
1464 1220 1534 1277 lacte
1554 1220 1670 1277 nutrire.
1685 1218 1746 1276 lina
1766 1230 1808 1276 cst
1828 1218 1882 1275 Ec-

256 1304 613 1363 Sidornriutist'ntrrnrsdios
624 1307 1028 1381 cleros‚pcnnoecolunrtccdcnr·
1081 1312 1174 1383 clesia,
1191 1321 1219 1370 et
1242 1329 1313 1370 unns
1329 1312 1788 1383 (311ιί1111111111111111111111
1804 1314 1882 1371 renllo

227 1406 338 1471 gerstete
356 1407 380 1454 et
393 1399 535 1471 posteriore
557 1400 630 1455 dorsi
646 1404 704 1476 ejus
718 1400 745 1455 in
759 1401 858 1473 pallore
878 1402 945 1457 ruri.
958 1400 1027 1459 Cum
1079 1406 1153 1463 enirn
1171 1407 1226 1463 alio
1241 1406 1406 1463 inhabitabit
1423 1408 1525 1480 jugiter
1540 1408 1659 1479 Spiritus
1681 1418 1801 1479 sanctus,
1827 1409 1879 1465 nisi

226 1489 333 1546 duobus
348 1490 501 1549 credideris
518 1492 713 1562 Testamentis,
729 1493 851 1550 inuenies
867 1494 894 1550 in
911 1504 1027 1566 utroque
1079 1499 1108 1554 in
1124 1499 1280 1569 saltatore,
1296 1500 1402 1559 loanne
1414 1500 1546 1559 dicente:
1561 1502 1590 1558 ln
1605 1517 1687 1575 quem
1699 1501 1802 1560 rideris
1816 1502 1881 1573 Spi-

225 1580 356 1653 Spiritum
366 1593 500 1640 sanctum.
514 1584 663 1641 Etlicetsit
673 1584 939 1657 pnlclrritudoetiam
950 1585 1026 1657 juxta
1086 1594 1168 1651 rtrum
1182 1595 1408 1663 descendentem,
1424 1606 1453 1653 ee
1463 1606 1620 1655 manentem
1635 1598 1662 1653 ῑῃ
1676 1612 1710 1655 00
1724 1596 1816 1670 (Jeep,
1827 1592 1854 1671 ἰ)
1869 1615 1878 1666 ;

226 1674 356 1744 flumme
372 1676 443 1733 Silii
457 1692 520 1749 ¹1¹¹ae
531 1677 609 1749 ledii
625 1696 631 1733 ²
649 1687 741 1734 limen
758 1678 801 1735 ili
814 1677 923 1735 (11101ῑῦ
937 1678 1027 1735 011111ῑὸ
1080 1690 1139 1761 ipsc
1154 1699 1198 1747 est
1208 1689 1256 1761 qni
1270 1692 1378 1748 excisus
1391 1691 1453 1747 sine
1467 1691 1604 1760 manibus,
1618 1690 1741 1763 implerit
1751 1692 1879 1748 latitudi-

226 1768 255 1825 in
271 1782 352 1825 sensu
372 1778 425 1826 est.
442 1770 571 1827 Exterior
589 1772 681 1843 itaque
704 1771 850 1829 verborum
871 1782 984 1829 ornatus
998 1774 1026 1829 in
1043 1801 1066 1864 B
1081 1798 1141 1839 nem
1156 1785 1246 1841 omnis
1261 1775 1343 1841 (ειη
1358 1802 1365 1840 ;
1381 1784 1408 1840 td
1423 1796 1476 1854 ese,
1503 1786 1673 1842 [seminecum
1690 1779 1706 1823 b
1725 1785 1878 1843 hominem,

224 1864 333 1935 nigenii
362 1864 475 1921 nomine
507 1864 714 1922 demonstratur
741 1882 748 1923 t
778 1864 930 1924 occultiora
961 1881 1027 1924 vero
1079 1874 1184 1932 Etenim
1197 1875 1324 1932 Deprimrs
1339 1874 1501 1932 habimbitin
1515 1877 1603 1948 finem,
1619 1876 1648 1933 Ιῃ
1664 1879 1878 1951 corpore,un

225 1956 358 2031 mysteria
372 1958 401 2013 in
416 1958 568 2015 reconditis
581 1959 639 2015 auri
664 1959 825 2017 muneribus
838 1960 1025 2017 continentur.
1079 1972 1183 2044 semper
1196 1970 1231 2029 (ιθ
1244 1980 1338 2029 senem
1353 1971 1446 2041 praete,
1461 1972 1523 2045 quta
1536 1988 1598 2029 pum
1612 1987 1646 2030 00
1666 1980 1710 2030 esp
1722 1984 1836 2031 cuperes
1851 1976 1878 2030 (η

227 2051 258 2109 st
272 2052 407 2109 dorntiotis
424 2053 491 2109 inter
501 2053 599 2109 medios
610 2054 692 2110 cleros
707 2070 716 2109 :
731 2053 783 2111 lroc
795 2061 847 2123 cst,
865 2052 889 2110 si
902 2054 1028 2125 quiesco·
1079 2066 1190 2123 emtum,

226 2152 261 2208 tis
277 2152 349 2209 inter
365 2166 464 2209 norum
480 2161 507 2209 et
527 2160 604 2209 retus
627 2152 856 2209 Testamentum:
881 2150 1027 2207 invenictis
1115 2160 1214 2216 cerens
1233 2159 1283 2217 bet
1295 2162 1382 2219 decem
1396 2160 1512 2219 miltites
1526 2161 1673 2236 multiplea.
1696 2162 1878 2236 llyperboiicc

225 2247 254 2303 in
282 2245 389 2303 duobus
415 2244 599 2303 Testamentis
633 2244 750 2317 graliiim
781 2244 900 2317 Spiriliis
926 2243 1026 2301 811111ῑὶ.
1079 2251 1145 2310 dicit
1173 2251 1424 2312 administratorias
1448 2264 1597 2327 potestaten
1617 2264 1646 2313 et
1666 2267 1786 2326 saperes,
1815 2256 1877 2329 quis

225 2338 300 2397 Cleri
313 2339 441 2396 dicimini
456 2338 560 2411 Singuli
574 2338 658 2395 Ῑῑῧῐῑῑ
675 2338 727 2395 1100
741 2345 794 2409 0⁸²,
810 2336 939 2405 (ἷθῦθὸῑὸ,
955 2336 1030 2393 ¹3¹⁰·
1079 2346 1296 2405 innumerabiles
1314 2354 1390 2417 sunt,
1415 2350 1486 2404 slent
1504 2347 1579 2403 dixit
1601 2345 1629 2404 in
1655 2347 1769 2405 banicle
1784 2366 1792 2403 :
1807 2348 1877 2404 llille

227 2435 289 2504 dtis,
314 2434 459 2503 Indicum,
485 2434 648 2507 Elassdtffiis
676 2434 835 2507 Apostolus.
862 2433 959 2491 Petrae
984 2449 1029 2491 co·
1080 2440 1165 2499 millia
1177 2440 1371 2497 ministrabant
1385 2439 1435 2508 illi,
1451 2448 1480 2497 ct
1492 2442 1716 2498 dericsoontcna
1731 2441 1820 2498 millia
1835 2458 1877 2498 os·

226 2529 321 2586 ltmboe
342 2529 526 2601 statuellam·
541 2526 733 2602 Deditetilssloes
756 2529 859 2585 clarum
883 2526 996 2584 verbum
1013 2535 1027 2565 ²
1080 2534 1214 2593 sistebant
1227 2535 1253 2592 ci
1266 2534 1349 2606 (dnn.
1364 2533 1425 2608 ιιι).
1448 2533 1482 2591 Et
1494 2535 1522 2592 in
1544 2534 1687 2593 Ezechielc
1702 2536 1874 2602 describitur,

226 2622 363 2696 significat
377 2622 479 2679 divinae
492 2622 654 2694 Scriptum.
670 2621 704 2678 Et
720 2623 864 2695 posteriora
883 2622 954 2678 dortt'
970 2622 1032 2694 ejus,
1079 2625 1227 2684 Cherubim
1253 2638 1370 2699 quatuor·
1392 2641 1555 2698 munerum,
1579 2626 1607 2683 in
1633 2636 1750 2698 quatuor
1772 2627 1876 2699 angulis

227 2718 255 2772 in
279 2715 380 2788 pallore
393 2715 477 2772 ouri:
500 2715 553 2772 boc
568 2727 621 2783 est,
638 2716 666 2771 in
682 2714 875 2784 interioribus,
899 2713 1029 2786 spiritua·
1079 2720 1183 2778 babere
1206 2728 1324 2793 quatuor
1343 2735 1499 2793 personas:
1523 2720 1601 2792 cujus
1621 2722 1715 2793 auriga
1741 2720 1815 2778 bees
1836 2729 1876 2777 est

226 2809 292 2866 liter
306 2811 437 2883 mysteria
452 2808 653 2882 intelliguntur.
668 2809 697 2868 Si
709 2825 795 2882 usqrre
809 2810 842 2866 ad
855 2822 1029 2867 consumma·
1081 2812 1189 2887 (Esset.
1203 2824 1247 2869 ret
1258 2812 1297 2887 ι).
1311 2814 1459 2872 Cherubim
1471 2822 1562 2871 autem
1576 2815 1784 2885 interpretatur,
1795 2816 1875 2871 scien·

227 2903 333 2961 tionem
345 2907 408 2962 ritae
422 2906 577 2977 praesentis,
593 2920 655 2979 quae
665 2918 739 2977 saepe
754 2919 867 2963 somnos
880 2902 1026 2977 accipitur,
1080 2908 1124 2965 tice
1145 2908 1290 2981 plenitudo.
1312 2907 1453 2981 Significat
1468 2917 1559 2966 111111
1574 2922 1690 2981 persona
1711 2907 1811 2976 leonis,
1834 2924 1875 2965 rc·

226 2996 300 3054 inter
312 2997 368 3056 duo
380 2997 558 3057 Testamenta
575 3017 580 3054 :
601 2998 693 3066 idest,
711 3013 809 3056 urorum
826 3007 961 3071 vetusque
975 2997 1028 3055 ’11-
1078 2999 1168 3072 galem
1187 3000 1262 3057 :boc
1281 3009 1334 3071 est,
1350 2993 1466 3073 regnare
1481 3002 1655 3074 passionibus
1672 3019 1679 3057 :
1695 3002 1874 3074 personabo

227 3098 392 3147 stamcntum
414 3091 561 3166 quiescatis
578 3108 585 3145 :
602 3090 745 3148 invenietis
768 3093 796 3147 in
824 3091 866 3148 bis
895 3092 1027 3162 Spiritum
1054 3161 1058 3166 ⁴
1080 3092 1172 3162 nrinis,
1190 3094 1383 3151 rationabilem
1397 3109 1404 3161 ;
1416 3107 1534 3165 persona
1547 3092 1635 3161 uituli,
1653 3095 1778 3166 inopere
1793 3111 1802 3149 ε
1816 3108 1875 3165 per·

225 3190 352 3239 sanctum
366 3202 372 3239 :
385 3182 464 3255 cnjus
479 3196 578 3254 pennae
601 3182 628 3238 in
650 3182 879 3254 predicatoribus
892 3183 1026 3255 doargcn·
1042 3201 1065 3265 g
1081 3185 1266 3257 messeniis,
1279 3184 1307 3241 in
1319 3185 1562 3257 contemplatione,
1576 3186 1628 3242 lroc
1641 3195 1695 3256 est,
1708 3186 1736 3242 in
1750 3185 1871 3242 tbeoria:

226 3285 302 3346 tatae,
314 3292 363 3348 pro
374 3277 474 3349 eloquii
485 3275 688 3348 pulchritudine
696 3276 874 3349 respondent.
887 3278 916 3333 ln
934 3287 1027 3349 poste·
1079 3293 1140 3350 qrroe
1154 3293 1206 3333 nos
1217 3277 1319 3335 exaltat
1332 3278 1360 3333 in
1376 3278 1534 3336 uirtutibus.
1547 3277 1635 3335 Simul
1652 3284 1745 3335 autern
1758 3286 1790 3335 nt
1803 3277 1873 3334 dica·

226 3370 392 3441 rimarem,
410 3384 471 3441 que
495 3369 615 3441 scapulos
628 3370 768 3437 dicuntur,
783 3382 817 3425 eo
836 3368 910 3441 quod
929 3380 1028 3442 pectus
1078 3383 1160 3429 mos:
1180 3368 1305 3427 'lbronus
1329 3370 1377 3427 bet
1400 3370 1427 3426 in
1449 3372 1553 3429 sanctis
1573 3379 1626 3428 est.
1643 3370 1739 3429 oecon
1764 3372 1871 3428 aalide:

226 3464 363 3535 operiant,
376 3464 456 3521 bono
470 3462 647 3520 conscientie
656 3460 764 3517 tructus
776 3459 931 3519 ostenditur
944 3480 951 3517 ι
966 3476 1027 3534 qrrae
1078 3462 1236 3537 multiplea:
1249 3462 1332 3521 lluita
1343 3464 1417 3521 enim
1432 3465 1518 3522 millia
1536 3481 1668 3523 curruum
1683 3466 1869 3534 secularium,

226 3565 290 3629 post
305 3564 447 3629 peractum
460 3555 648 3628 tloangeltunr,
663 3554 690 3611 in
702 3555 763 3611 auri
776 3556 878 3627 specie,
892 3556 982 3629 idest,
999 3558 1026 3614 in
1078 3555 1236 3614 devicerunt
1264 3558 1482 3630 evangelizantes
1516 3558 1659 3618 Cbristum
1693 3562 1721 3617 in
1748 3562 1870 3618 universo

226 3650 333 3709 horrore
348 3651 424 3724 regio
434 3656 648 3723 commntantur.
1078 3648 1190 3705 mundo.
1215 3648 1303 3705 ltittto
1317 3650 1471 3719 luctantium,
1489 3650 1618 3709 Dominus
1631 3656 1658 3710 in
1673 3653 1736 3709 illis.
1756 3653 1870 3710 llinistc-

263 3742 334 3799 Dum
354 3742 480 3799 disceruit
491 3741 610 3809 coeicstis,
629 3757 703 3815 reges
718 3742 938 3811 supercumulat
953 3742 1028 3799 deol-
1078 3741 1118 3798 ria
1132 3740 1222 3798 diuina
1237 3742 1281 3799 bic
1297 3757 1359 3800 esse
1375 3744 1487 3802 indicat.
1509 3744 1543 3801 lu
1558 3746 1645 3814 Sinai,
1658 3747 1687 3803 in
1700 3756 1797 3802 soracte.
1815 3746 1870 3803 llos

225 3835 396 3893 belenterio
415 3833 535 3892 Solanon.
560 3832 649 3903 Reges
669 3831 737 3889 dicit
748 3842 869 3903 sanctos,
883 3836 929 3907 qui
944 3848 1028 3905 repu—
1078 3844 1131 3908 est,
1155 3837 1183 3894 in
1204 3838 1309 3896 sanctis
1323 3848 1365 3895 est
1386 3838 1459 3895 Deus
1480 3840 1590 3910 quarrdo
1605 3848 1755 3909 tentantur,
1772 3848 1800 3895 ct
1812 3850 1870 3911 post

223 3937 309 4001 gnant
323 3926 383 3983 suis
402 3924 586 3997 passionibus.
612 3922 659 3981 lsti
681 3938 746 3997 ergo
759 3926 846 3981 sancti
869 3924 1027 3983 diriduntur
1078 3930 1256 3985 tentationem
1269 3930 1395 4002 sequeitur
1406 3932 1548 3987 sanctitas.
1564 3921 1736 4002 impossibile
1749 3931 1867 3987 cstcnim

222 4021 252 4075 ln
275 4018 433 4076 Ecclesiis:
459 4018 532 4074 sicut
546 4015 645 4073 Paulus
668 4017 695 4073 in
715 4014 858 4087 Gentibus,
886 4017 982 4075 Petrus
996 4016 1026 4075 in
1078 4019 1206 4093 aliquem,
1230 4022 1295 4079 licet
1316 4032 1429 4079 sanctus
1442 4023 1490 4090 sit,
1514 4022 1575 4080 sino
1594 4022 1745 4079 tentatione
1759 4022 1868 4077 transire

224 4112 445 4171 circumcisione.
467 4110 595 4169 Coelestis
610 4110 751 4181 bominus,
769 4120 910 4181 separatos
925 4112 975 4169 bos
990 4113 1026 4170 ab
1077 4113 1104 4168 in
1123 4113 1176 4171 boc
1200 4114 1312 4181 saceio,
1334 4113 1484 4171 secundum
1500 4113 1551 4171 lob
1576 4131 1582 4167 τ
1604 4113 1731 4172 renuero
1752 4122 1793 4171 est
1814 4114 1866 4168 sits

223 4203 389 4261 idololatriis
400 4219 469 4276 qnos
493 4202 619 4277 superius
635 4202 765 4271 diximus,
785 4205 928 4262 constituit
949 4205 977 4261 in
993 4206 1026 4262 il·
1077 4206 1196 4263 bominis
1209 4222 1291 4279 super
1305 4214 1407 4263 terram
1423 4204 1496 4279 (111.
1515 4205 1575 4280 ιιι).

224 4297 384 4356 liusdomus
394 4298 599 4372 pulchritudine
612 4312 703 4371 reges.
718 4298 772 4356 Sed
784 4301 859 4371 prius
872 4302 935 4358 nine
948 4301 1026 4359 deal·
1113 4302 1257 4358 Ascendisti
1271 4305 1297 4359 iu
1312 4304 1404 4370 altrum,
1418 4304 1509 4378 cepisti
1520 4305 1706 4377 captiuitatem.
1721 4302 1866 4361 Ascendisti

223 4392 364 4450 babuntur
378 4394 405 4450 in
421 4394 543 4453 selmon.
559 4394 617 4451 lloc
630 4401 672 4449 est
686 4393 759 4463 quod
771 4392 847 4462 dicit,
860 4396 925 4452 licet
936 4396 1024 4453 suncti
1077 4396 1104 4454 in
1119 4398 1204 4455 ooelos
1225 4416 1233 4453 :
1256 4400 1399 4470 captivasti
1414 4412 1474 4466 reos,
1497 4400 1543 4471 qrri
1557 4398 1657 4472 captiui
1681 4398 1834 4457 tenebamur
1850 4412 1866 4451 a

224 4485 294 4553 sint;
311 4486 359 4542 sed
375 4495 466 4543 tamen
483 4488 509 4543 in
520 4488 574 4545 isto
588 4485 690 4545 seculo
702 4488 853 4560 suntqussi
869 4488 975 4559 umbra,
989 4505 1023 4547 cx
1076 4488 1197 4548 diabolo.
1211 4490 1264 4560 Qui
1278 4490 1416 4562 quondam
1437 4489 1465 4547 in
1482 4491 1555 4548 Sinai
1575 4491 1756 4561 descendens,
1771 4489 1865 4563 popolo

223 4587 302 4651 parte
327 4587 535 4650 cognoscentes.
559 4579 683 4648 Selmen,
704 4578 796 4634 umbro
815 4580 1020 4651 interpretatur.
1036 4582 1163 4667 Diogene
1184 4583 1334 4651 distribuit,
1349 4584 1409 4655 ipse
1423 4585 1536 4642 nuncin
1551 4596 1657 4652 sancto,
1673 4585 1766 4652 idest,
1784 4585 1810 4641 in
1822 4598 1866 4638 as·

224 4670 291 4730 Cum
302 4670 386 4744 igitur
395 4686 444 4728 ror
455 4672 575 4729 coelestis
585 4672 710 4729 cbristus
721 4672 747 4729 in
765 4672 888 4729 Ecclesia
902 4688 951 4732 sua
966 4689 1024 4732 cce·
1075 4687 1184 4748 sumpto
1193 4677 1304 4734 bomine
1317 4677 1364 4751 (de
1374 4694 1430 4752 qrro
1438 4679 1554 4751 angelus
1565 4680 1599 4736 ad
1612 4680 1726 4737 llarisnr
1738 4677 1811 4755 (luc.
1823 4676 1863 4748 ri:

223 4766 295 4839 perit
310 4765 460 4838 apostolos,
476 4772 504 4822 et
518 4766 656 4837 principes
669 4768 841 4823 constituere
855 4776 937 4839 atque
952 4768 1022 4825 diri·
1073 4768 1151 4838 Quod
1167 4777 1294 4827 nascetur
1307 4786 1341 4827 es
1360 4778 1397 4838 te,
1416 4778 1540 4828 sanctum
1559 4771 1716 4845 vocabitur)
1738 4770 1862 4829 emiorum

223 4860 289 4917 dere
310 4878 317 4917 :
343 4875 396 4916 non
419 4859 559 4917 babebunt
581 4861 690 4931 plenam
718 4862 824 4930 lucem,
845 4862 893 4919 sed
915 4872 1021 4933 partem
1073 4863 1182 4919 excelsa
1196 4864 1386 4922 conscendens
1403 4882 1410 4919 :
1426 4880 1475 4922 cos
1489 4866 1536 4938 qui
1552 4866 1580 4922 in
1595 4863 1862 4938 captivitatediaboli

223 4956 344 5028 aliquam
359 4955 484 5012 scientiae
499 4970 507 5009 :
523 4954 585 5027 quia
601 4968 675 5011 nunc
695 4968 728 5011 cs
751 4962 829 5027 parte
844 4955 977 5023 ridemus,
993 4964 1021 5013 11
1073 4956 1246 5025 tenebantur,
1262 4957 1382 5015 absoluit
1399 4978 1405 5015 :
1430 4973 1461 5015 sc
1474 4967 1536 5032 post
1549 4974 1580 5016 se
1591 4968 1730 5033 tamquam
1747 4958 1861 5032 captiuos

222 5063 255 5106 ex
270 5060 348 5121 parte
363 5048 558 5120 prophetamus
574 5045 596 5121 (1
611 5046 671 5103 Cor.
697 5049 768 5118 ιιιι).
1073 5049 1204 5109 deductos
1218 5060 1328 5109 :eternae
1341 5052 1405 5109 vitre
1423 5052 1553 5108 restituit.
1576 5052 1622 5111 Sic
1642 5063 1670 5110 et
1691 5068 1798 5110 carnem
1818 5064 1862 5104 ts-

260 5141 337 5197 llons
354 5140 411 5209 Dei,
430 5157 503 5196 orons
523 5140 627 5213 pinguis
645 5154 654 5193 :
669 5154 742 5195 errores
761 5140 925 5213 congulatus,
946 5156 1021 5196 mons
1073 5153 1221 5215 sumptam,
1241 5144 1322 5216 qnasi
1341 5147 1477 5217 captiuam
1490 5146 1581 5201 erexit
1602 5144 1637 5201 ad
1662 5146 1764 5203 sidera.
1789 5145 1864 5200 tes·

223 5236 339 5310 pinguis.
355 5235 409 5292 lsto
423 5241 466 5293 cst
479 5248 557 5293 mons
570 5234 604 5290 ad
619 5247 699 5306 quom
715 5244 742 5291 et
756 5234 783 5290 in
797 5232 865 5291 lsaia
879 5242 907 5291 et
927 5237 953 5292 in
969 5237 1020 5292 lli-
1073 5238 1136 5309 pisti
1148 5236 1218 5293 dono
1229 5237 1257 5291 in
1272 5237 1427 5294 bominibus.
1443 5237 1517 5294 Bene
1530 5237 1610 5307 dixit,
1633 5239 1766 5309 occepisti.
1780 5240 1799 5293 1
1811 5234 1862 5289 p„

221 5329 308 5400 ebesa,
321 5338 351 5384 ut
364 5328 543 5385 ascendentes
558 5335 683 5400 pergant,
697 5326 855 5385 seinvicem
870 5327 1018 5385 cohortan-
1072 5338 1114 5387 tre
1127 5330 1254 5403 accepit:
1274 5330 1379 5401 accepit
1390 5340 1421 5387 ut
1435 5332 1528 5400 leonto,
1542 5332 1590 5388 dat
1603 5341 1634 5388 ut
1645 5332 1738 5390 bens:
1756 5342 1781 5389 et
1790 5326 1859 5401 guod

224 5435 268 5483 tur
277 5423 344 5500 (Iso.
358 5441 388 5493 ιι,
400 5434 423 5481 ct
436 5423 517 5481 llicit.
532 5424 581 5497 ru).
597 5424 674 5495 Quod
683 5434 773 5482 autern
782 5425 819 5481 ait
830 5427 1019 5498 receperimus:
1072 5424 1187 5495 acecpit,
1201 5423 1355 5482 bominibus
1366 5427 1482 5499 accepit,
1495 5435 1525 5483 nt
1535 5426 1593 5483 det.
1609 5428 1670 5498 lpse
1681 5428 1753 5484 enirn
1768 5426 1858 5497 plenus

221 5517 344 5591 lipostoli
366 5517 490 5591 congruit
504 5517 605 5587 verbis,
621 5516 667 5590 quei
683 5518 739 5575 ait:
755 5516 810 5573 Lac
828 5517 906 5575 robis
921 5526 1016 5589 potum
1070 5527 1124 5589 est,
1145 5527 1174 5574 et
1195 5518 1264 5575 nibil
1278 5517 1394 5592 indiget.
1412 5519 1493 5577 Dedit
1506 5519 1577 5575 dona
1597 5521 1777 5593 spiritualium
1798 5532 1858 5590 gra-

256 5730 270 5759 ·
290 5718 391 5783 Gonier
409 5714 525 5787 iiieron,
548 5720 573 5776 in
595 5734 655 5793 cap.
679 5734 708 5775 ιιι
722 5717 799 5775 isaiae
825 5728 852 5777 et
875 5719 904 5777 in
925 5735 1010 5781 serm.
1100 5724 1196 5784 ¹>lid.
1222 5742 1283 5799 que
1309 5728 1486 5786 observamus
1510 5728 1677 5805 ad,lib.’[de
1699 5728 1806 5803 Spiritu]
1820 5726 1853 5784 S.

219 5792 277 5851 let
292 5791 336 5849 to.
1071 5794 1148 5853 Tem.
1164 5796 1194 5869 1,
1209 5799 1264 5857 111.
1280 5801 1340 5859 lbi.
1775 5841 1786 5873 ,
