4000 6334
229 328 299 385 leus
622 322 795 379 uerebotx
815 322 859 377 Ab
879 320 1002 378 tellum
1023 320 1055 377 Sl
1069 318 1199 377 eitltlm
1218 320 1247 375 S.
1270 316 1475 375 illebonltll.
1813 313 1883 373 stoi

228 448 275 519 qni
292 463 341 517 peu
352 444 536 502 maternitatem
549 441 651 499 viuucis
662 440 757 510 nstitui,
770 454 845 513 spem
856 454 931 495 soem
949 453 1028 493 nurn·
1042 438 1069 499 A
1453 448 1506 488 sin.

231 555 313 609 quen
327 556 341 592 a
361 538 451 594 verbis
466 535 513 593 bel
529 533 655 591 remouit.
1121 527 1255 595 Principes
1268 528 1396 601 persecuti
1408 536 1468 581 runt
1480 542 1521 580 mc
1538 526 1632 598 protis,
1643 534 1669 580 et
1685 541 1704 579 tt
1717 521 1802 579 cerdis
1825 524 1880 579 tuit

266 628 529 687 Ptceecnerttntoculi
545 627 595 681 mci
620 626 690 679 udtc
708 622 827 679 diluculo
844 631 891 677 :ul
917 620 1028 678 rrtedilc·
1082 622 1232 695 sornridoeit
1247 636 1396 675 cormeum.
1424 618 1579 675 Formidnui
1610 618 1724 675 acerbo
1751 618 1801 673 illo
1826 632 1883 689 qne

230 740 272 782 rer
286 724 388 795 eloquio
403 731 458 775 tec.
474 719 532 783 lion¹
549 733 610 775 eom
622 718 667 773 lut
680 726 835 787 soporatum
850 714 964 786 reperit,
980 713 1030 770 sed
1082 712 1118 767 ait
1131 710 1200 782 :Qui
1216 724 1259 768 nte
1281 710 1423 783 negaverit
1435 726 1526 767 comm
1549 710 1719 779 bominibus,
1732 710 1839 782 ncqelto
1854 720 1883 767 et

229 817 386 889 vigilantem
402 824 524 877 strenue.
537 814 644 869 etcircu
658 811 752 867 diuina
762 809 868 881 eloquin
885 808 1029 865 cuculorum
1081 821 1133 877 ego
1145 820 1206 861 enm
1221 804 1401 861 cornrnPetre
1415 820 1488 873 meo,
1502 807 1547 877 qui
1558 804 1721 861 cstineoelic
1731 802 1826 878 (Μαι.
1841 801 1883 877 ι).

229 910 413 980 spiritualium
428 906 580 961 intentione
592 903 779 959 meditantem}
1081 899 1144 955 ldeo
1159 901 1277 970 perstitit
1291 896 1370 955 {ortis
1384 899 1412 955 ln
1424 898 1560 969 passione.

271 1004 364 1058 Vocem
376 1019 455 1060 uncum
466 1000 573 1064 exaudi,
591 998 715 1065 Domine,
730 995 871 1052 secnttdntu
886 996 1033 1051 rrrircricor-
1117 992 1237 1050 Laetuior
1248 1011 1295 1069 epo
1308 1011 1386 1068 cuper
1396 994 1499 1067 eloquio
1510 1003 1558 1050 tuo
1567 1008 1576 1047 .·
1586 994 1653 1050 dccl
1663 993 1708 1067 qni
1719 993 1815 1049 irteerdt
1824 1007 1886 1065 tpo-

176 1164 184 1171 ‚
229 1096 300 1152 dium
313 1106 394 1159 trecen,
405 1104 457 1149 etc.
478 1091 674 1148 incessabiliter
689 1090 766 1143 uocis
787 1086 936 1159 spiritualis
952 1087 1031 1142 emit·
1082 1088 1119 1143 lic
1134 1088 1225 1144 oculto.
1242 1090 1358 1160 dlliqcto
1381 1088 1454 1155 lorti,
1473 1098 1501 1144 et
1513 1088 1584 1143 ensis
1598 1089 1658 1158 ejos
1671 1086 1787 1159 direptis
1803 1086 1884 1159 (cuc.

231 1194 262 1246 tit
278 1190 418 1261 gemitum,
436 1197 464 1242 nt
483 1187 518 1243 nb
533 1186 582 1240 bec
610 1184 777 1239 mortalitate
799 1182 825 1237 in
840 1182 922 1235 uitem
940 1191 1032 1237 trerrs·
1082 1179 1132 1252 tt).
1149 1180 1227 1235 laetor
1239 1180 1265 1236 in
1281 1180 1351 1235 illud
1364 1179 1702 1254 cloquiomeuenpelicnm
1714 1179 1786 1250 qnod
1798 1177 1884 1237 dicit:

228 1280 336 1341 leretur
351 1294 491 1337 celerrimo.
567 1271 570 1279 “
1082 1272 1149 1327 Corn
1159 1285 1207 1326 ros
1219 1278 1419 1342 persequentur
1431 1280 1458 1326 et
1469 1270 1643 1338 maledicent,
1659 1280 1687 1326 et
1698 1270 1790 1327 dicent
1801 1284 1886 1327 corne

268 1356 543 1447 Appropinquuuerout
554 1379 779 1445 persequenternre
791 1368 937 1438 iniquitati:
950 1384 965 1422 o
976 1367 1033 1439 lepe
1083 1366 1183 1421 melum
1198 1366 1343 1421 adeersum
1364 1381 1412 1421 vos
1428 1375 1539 1437 propter
1558 1364 1701 1437 justitiam,
1716 1364 1834 1437 gernere
1855 1374 1887 1422 et

231 1466 466 1538 oulenttnulouqe
485 1466 549 1542 {ocii
575 1470 644 1519 eunt.
671 1462 766 1518 Omnis
785 1444 922 1531 enim'qui
939 1460 1032 1530 inique
1083 1461 1219 1517 exsultate
1242 1475 1250 1515 :
1275 1460 1337 1531 quie
1362 1474 1468 1517 merces
1492 1467 1582 1516 restra
1598 1460 1681 1516 multe
1708 1442 1887 1517 esilncoelis

231 1562 334 1617 sericiis
350 1561 548 1631 appropinquet
559 1566 588 1612 ut
599 1556 883 1626 noceat,elonqnturu
898 1554 956 1623 lege
967 1552 1030 1609 bei.
1085 1552 1176 1627 (llutt.
1192 1554 1232 1614 ul.

272 1654 357 1727 Prope
369 1671 396 1708 cs
413 1663 450 1721 tut,
465 1651 575 1706 Domine
591 1666 599 1704 .·
614 1658 638 1705 ct
655 1650 741 1703 omniu
751 1648 875 1703 mondoto
889 1655 934 1701 tuo
951 1646 1032 1716 aequt'·
1120 1647 1286 1719 iniquitatem
1301 1648 1361 1703 odio
1375 1648 1466 1718 dolui,
1481 1656 1504 1703 el
1518 1648 1682 1703 abominetur
1700 1663 1784 1704 tem:
1802 1648 1890 1721 ieqcrn

236 1762 284 1803 tus.
302 1748 360 1803 Nem
377 1748 478 1802 terreris
501 1744 581 1813 loeis,
598 1744 644 1799 sed
662 1758 709 1813 per
722 1744 864 1798 ueritatem
886 1741 1031 1796 mendcio·
1084 1754 1170 1798 orclem
1186 1752 1257 1797 tuum
1268 1741 1361 1798 dilexi.
1377 1742 1445 1797 Dum
1459 1743 1627 1815 iniquitatem
1642 1742 1711 1803 odit.
1724 1752 1752 1798 et
1766 1739 1814 1797 liei
1826 1740 1890 1811 jos-

233 1854 294 1893 rum
307 1838 435 1895 cordibus
448 1846 602 1891 sanctornm
613 1835 746 1891 illaberis.
1049 1838 1072 1899 Β
1088 1836 1173 1891 titiam
1188 1834 1277 1907 olllqlt
1292 1851 1300 1889 ε
1317 1835 1343 1889 in
1360 1835 1457 1905 mejeri
1472 1848 1501 1890 se
1516 1834 1609 1889 cilicio
1622 1831 1753 1901 extendit,
1769 1831 1887 1909 dicens:

271 1932 308 1986 nt
322 1932 396 1986 initio
412 1928 519 2001 coqnooi
541 1928 573 1983 dc
593 1926 745 1982 testimoniis
763 1926 824 1981 tuit.
844 1926 886 1981 Ab
904 1924 990 1982 Aulam
1007 1924 1034 1981 in
1124 1930 1223 2000 i'eptier
1235 1929 1261 1982 in
1272 1927 1315 1982 dic
1328 1926 1433 1981 lurtdem
1449 1926 1504 1981 diei
1519 1925 1565 1980 lidi
1580 1942 1678 1999 :seper
1687 1924 1793 1997 judicic
1804 1924 1891 1999 justi-

232 2026 360 2082 omnibns
378 2022 538 2094 patriurchis
556 2034 588 2077 ec
607 2020 758 2092 propinetis.
778 2018 846 2085 Quin
859 2020 888 2075 iu
909 2029 1035 2075 eternum
1086 2023 1139 2077 tice.
1153 2021 1259 2091 Septies
1275 2023 1358 2076 lleurn
1379 2035 1429 2091 per
1440 2018 1513 2076 diem
1530 2019 1622 2076 landet
1637 2036 1646 2081 ς
1661 2020 1724 2091 qnia
1735 2034 1813 2075 mens
1827 2020 1891 2089 eine

234 2116 352 2187 [conuincti
366 2130 406 2169 eu.
425 2113 590 2184 lll'nngeliis,
609 2111 745 2182 inquibus
768 2118 798 2167 el
811 2127 859 2166 tros
874 2110 977 2167 lundnti
990 2126 1036 2167 sn·
1084 2113 1113 2169 in
1138 2114 1218 2183 pleno
1236 2112 1380 2184 splendore
1395 2112 1563 2184 perdurans,
1587 2112 1624 2166 nul
1647 2112 1723 2167 illrum
1738 2111 1890 2182 septimum

234 2224 296 2261 mm
308 2200 389 2276 supr-n
406 2204 610 2261 irrrrdmnemmn
623 2212 801 2259 memoratum
820 2222 826 2257 r
842 2204 914 2260 sient
932 2203 1036 2262 dixisse
1086 2204 1170 2273 dicun,
1193 2204 1275 2261 idest
1290 2206 1466 2262 setslntorum
1481 2204 1635 2272 sabbatum,
1656 2205 1702 2277 qni
1723 2216 1765 2261 est
1779 2198 1892 2276 requies

236 2299 348 2358 Pouulom
363 2300 514 2371 apostolum
529 2312 604 2367 sepe
619 2298 801 2353 meminimus.
1059 2295 1064 2305 “
1087 2308 1206 2367 eterno,
1223 2298 1343 2355 lestiuct.
1567 2368 1571 2375 ¹

606 2408 666 2448 nes.
1123 2391 1185 2447 Pus
1196 2393 1277 2447 multo
1285 2390 1451 2464 diliqentiirrr
1467 2391 1549 2464 icqetn
1561 2400 1643 2454 tuum.
1655 2389 1766 2447 Domine
1778 2409 1788 2446 t
1801 2400 1826 2448 ct
1836 2408 1892 2447 non

276 2486 526 2543 lsidelrunrilitctem
550 2500 635 2541 mecm
655 2494 678 2538 et
698 2485 769 2557 eripe
792 2500 854 2539 me:
878 2481 1036 2557 quiuleqem
1087 2486 1190 2543 estillic
1203 2485 1366 2541 econdnlem.
1380 2483 1432 2554 Qui
1448 2484 1627 2550 lleumemnt,
1644 2498 1738 2555 pacem
1755 2498 1818 2539 cnm
1835 2482 1893 2540 ire·

201 2628 209 2637 .
233 2590 304 2637 loom
320 2598 370 2636 nou
394 2597 449 2636 stunt
474 2579 576 2636 odlilnt.
592 2578 651 2633 'libi
669 2576 836 2643 libentione
860 2586 887 2634 lc
900 2574 968 2645 eripi
993 2590 1038 2632 nnc
1088 2578 1175 2634 tribus
1189 2591 1301 2633 neeesse
1315 2583 1375 2644 est,
1390 2575 1497 2632 nubet.
1514 2576 1582 2632 barn
1598 2576 1682 2633 Decem
1706 2576 1775 2632 ielso
1796 2589 1894 2632 amore

237 2676 382 2745 deprecor.
411 2685 439 2729 nt
459 2674 578 2729 exalter:
605 2673 668 2744 quie
696 2685 801 2725 irremor
814 2684 874 2729 surm
891 2668 959 2740 lepis
983 2679 1037 2724 tue
1088 2671 1186 2741 diligit,
1201 2670 1245 2741 qni
1258 2668 1457 2725 scenlnlimnn
1469 2669 1497 2724 in
1513 2668 1606 2723 luntre.

237 2759 1034 2839 quudixisli:Quiseltnmilieueritenelrnbiturilroc.xrs).
1126 2762 1314 2839 Empcctudom
1326 2762 1530 2834 toletanensem,
1544 2761 1698 2827 bominem
1712 2764 1895 2821 nauteam

273 2861 368 2917 iudice
376 2860 508 2934 judicium
520 2876 613 2915 nucum.
627 2866 651 2913 et
669 2858 764 2913 redime
775 2873 815 2912 mc
832 2874 842 2911 .·
857 2866 962 2926 propter
983 2854 1038 2910 elo·
1089 2859 1149 2929 secl.
1167 2856 1259 2912 lesum
1272 2855 1417 2911 becelinum
1432 2856 1553 2910 omniurn
1567 2856 1688 2911 solutiore
1704 2864 1870 2925 exspectans
1885 2876 1895 2913 r

236 2958 327 3030 quium
342 2964 414 3010 tuum
427 2954 527 3025 sitifim
537 2968 588 3007 me.
609 2951 730 3009 inulicuul
746 2966 789 3007 me
803 2966 854 3019 eqo
872 2950 937 3005 nibil
952 2948 1036 3014 seire,
1088 2967 1119 3007 en
1132 2966 1194 3022 qnce
1204 2952 1230 3005 in
1248 2950 1320 3019 Lege
1334 2960 1360 3003 er
1375 2950 1514 3019 propinetis
1528 2947 1653 3003 meridetc
1666 2946 1783 3013 luserant,
1800 2947 1866 3004 ieci.

238 3049 291 3102 nisi
311 3046 404 3104 lesum
419 3041 567 3111 Christum,
592 3045 636 3116 qrti
658 3043 691 3100 :td
707 3044 923 3111 redemptionem
940 3040 1037 3098 mundi
1125 3042 1371 3099 Custodioitoninno
1384 3058 1441 3097 mco
1463 3041 1610 3095 testimonio
1625 3050 1680 3108 tete,
1703 3052 1727 3096 et
1749 3042 1840 3098 dilecti
1863 3058 1896 3099 ει

237 3140 332 3195 uenire
348 3140 500 3209 promissus
516 3147 566 3191 est.
583 3136 663 3194 lente
682 3152 746 3208 erqo
768 3140 818 3191 boc
836 3135 968 3207 judicium
983 3148 1037 3205 eqo
1089 3138 1259 3193 reicerenter.
1280 3134 1347 3192 Cum
1369 3136 1533 3193 strenuitate
1555 3136 1688 3191 custodire
1707 3135 1825 3192 eeliulem
1847 3136 1895 3192 di-

238 3246 253 3287 o
269 3242 297 3287 te
311 3230 433 3286 titillcer
447 3230 473 3285 in
489 3229 604 3301 elnqnlis
616 3230 680 3284 tuis.
1052 3230 1075 3296 C
1091 3228 1235 3287 lectionem
1246 3229 1384 3299 opposuit.

276 3322 364 3397 Lonpe
377 3330 414 3379 ctt
427 3339 444 3376 n
457 3320 633 3393 peccatoribus
646 3322 718 3376 scite
732 3337 741 3374 .·
756 3322 817 3389 quin
834 3318 1038 3392 justificationes
1125 3322 1233 3378 serenti
1248 3332 1376 3393 precepto
1397 3328 1442 3375 tuo
1464 3329 1488 3374 et
1508 3321 1655 3376 testimonio
1669 3329 1715 3375 teo
1728 3336 1737 3374 :
1752 3320 1815 3393 quic
1832 3336 1896 3374 ortt-

239 3428 299 3471 tnur
318 3432 370 3470 uon
395 3414 584 3485 ceqrrtrierunr.
608 3413 687 3469 Solus
703 3424 808 3477 nostro,
833 3412 960 3467 lllrristes
981 3419 1035 3477 eet,
1089 3431 1135 3470 nce
1148 3416 1272 3470 ricemere
1285 3429 1373 3468 corum
1387 3423 1421 3477 tc,
1438 3410 1559 3467 bomine.
1577 3412 1675 3469 servet
1695 3426 1830 3484 precepta
1852 3422 1898 3467 te·

238 3510 286 3578 qui
300 3524 315 3563 e
331 3506 530 3578 rrogllpntlboe
549 3504 652 3561 iudicis
676 3506 821 3575 elrrtngnlur
838 3523 843 3558 :
859 3518 891 3559 etr
912 3503 983 3573 quod
1010 3504 1037 3558 in
1090 3509 1280 3578 stimrminqne,
1302 3508 1348 3577 qui
1363 3509 1419 3563 tirus
1436 3508 1484 3564 bei
1499 3508 1618 3565 incedit:
1635 3522 1687 3562 ricc
1700 3507 1848 3578 quidquam
1866 3507 1897 3561 in

237 3598 478 3671 justilloetionlbus
490 3596 558 3667 legis
571 3612 624 3651 nrrn
640 3595 795 3667 intelligunt
809 3593 966 3666 ligorelnnt.
1089 3611 1163 3669 notu,
1178 3600 1263 3667 dictur,
1278 3602 1322 3655 nel
1344 3601 1463 3672 cogitate
1477 3602 1543 3673 egit,
1564 3600 1637 3673 qnod
1651 3599 1752 3656 dininas
1765 3609 1894 3656 puppem.

280 3694 459 3749 llirerotioncr
484 3700 536 3746 tuce
551 3687 642 3744 ntultte
662 3698 733 3753 runt.
761 3688 882 3743 Domine·
912 3686 979 3756 erin
1003 3686 1040 3743 dc
1090 3693 1203 3765 plntloni
1218 3692 1512 3765 bobertorindigunnt.

239 3788 334 3844 moltis
362 3786 490 3858 periculis
512 3792 620 3841 erurrrn.
646 3782 797 3841 Secundum
807 3784 940 3855 judicium
965 3792 1039 3837 tuum
1457 3802 1520 3842 nu,

238 3881 340 3952 eioipcc
354 3896 404 3935 mc.
420 3878 458 3935 Ne
473 3878 627 3934 inuenietur
640 3877 666 3931 in
682 3890 724 3932 nne
737 3874 809 3947 quod
819 3874 953 3946 judicium
965 3888 1040 3929 ntor·
1126 3882 1320 3954 appropinquet
1335 3881 1485 3937 cruciemur
1498 3882 1526 3936 in
1541 3890 1679 3951 compecto
1691 3888 1747 3948 teo,
1759 3877 1897 3948 Domine,-

240 3974 277 4029 tls
288 3974 423 4027 absumet.
1090 3973 1231 4029 ementitum
1245 3971 1375 4040 cloquium
1390 3982 1463 4027 tuem
1482 3972 1518 4026 dc
1531 3972 1594 4026 mitt
1609 3972 1779 4027 intellectum.
1796 3971 1898 4027 Proxi-

280 4067 358 4122 Mttlli
373 4072 560 4135 persequuntur
582 4062 794 4118 mteilrideitltti
808 4076 850 4115 me
868 4059 1040 4115 :utettlmo-
1092 4083 1163 4125 mam
1186 4067 1233 4122 eibi
1249 4066 1472 4123 delibationem
1500 4080 1588 4121 metm
1603 4064 1749 4135 deprecor,
1765 4065 1894 4130 benninc,

240 4164 292 4217 etde
313 4161 366 4215 tuit
390 4172 443 4213 non
470 4156 609 4211 declinati.
625 4155 746 4213 &cultiori
765 4152 839 4210 odiis
858 4170 864 4207 ι
881 4153 1042 4225 ltnpoqnent
1092 4172 1122 4220 qq
1143 4178 1158 4217 n
1181 4172 1208 4219 ne
1223 4161 1392 4219 incensorum
1408 4158 1529 4232 capiens,
1557 4158 1623 4215 nibil
1646 4160 1721 4217 elium
1745 4158 1797 4215 nisi
1818 4158 1897 4231 qunti

240 4254 348 4324 iniuriis
364 4268 372 4307 t
386 4264 463 4322 cqou
481 4248 647 4305 testimoniis
662 4249 829 4320 colerence,
842 4262 897 4303 non
910 4246 1038 4302 lnollnoe.
1092 4264 1201 4327 oporiet
1213 4269 1337 4312 emme,
1850 4308 1854 4313 ,

282 4346 342 4401 Vidi
354 4362 407 4400 nou
427 4350 559 4399 tmoentcr
585 4352 705 4411 pectunt,
728 4350 752 4398 et
774 4342 935 4398 tcbmrelttm
955 4344 1042 4414 :quic
1128 4345 1247 4403 introeut
1261 4346 1405 4417 postuletio
1423 4361 1480 4402 mcc
1492 4347 1520 4401 in
1532 4356 1672 4414 conspecte
1686 4356 1740 4415 teo,
1757 4345 1895 4402 ornere.-

241 4437 346 4509 eloqttic
361 4446 407 4491 too
420 4452 472 4491 uon
485 4434 673 4490 custodiebant.
687 4432 798 4491 eaerum
811 4432 861 4490 leit
872 4433 966 4491 isreell
977 4448 1040 4490 cnm
1092 4440 1234 4496 secundem
1252 4441 1382 4509 cloquium
1396 4448 1469 4493 teum
1482 4440 1552 4512 eripe
1565 4456 1616 4495 nne.
1630 4439 1664 4497 br
1677 4452 1737 4497 eom
1751 4454 1801 4512 per
1822 4439 1897 4495 cous·

241 4531 310 4595 beo,
331 4530 401 4600 quod
418 4530 487 4585 dlnit
510 4528 544 4584 nd
565 4530 677 4600 lloyseu
700 4544 709 4584 t
734 4529 832 4585 Omnia
859 4542 1042 4600 quoecumque
1093 4550 1151 4591 rere
1166 4535 1192 4589 in
1209 4542 1290 4589 nocte
1304 4533 1385 4603 boine
1398 4532 1779 4605 nitaediqnnnteressnmene‚
1791 4532 1828 4587 nb
1841 4532 1897 4588 bec

239 4624 343 4681 dixeri!
370 4622 512 4688 Domitius.
541 4621 673 4677 hilefflssfl
690 4620 789 4693 iiim·
817 4624 905 4690 ΠΜ·
934 4621 988 4679 504
1012 4628 1270 4698 θῑῦιοιιιψιιοιιε
1282 4625 1513 4697 concupiscentie
1526 4626 1644 4682 meteriis
1658 4627 1801 4697 eripietur.

239 4731 313 4773 ntrnc
328 4730 377 4771 tros
393 4714 589 4783 pecisuirnorin
604 4712 750 4784 baptismo,
768 4720 799 4768 ut
817 4712 1041 4771 ebrermntlemue
1131 4720 1291 4775 lineetoitmt
1315 4718 1386 4777 lodie
1405 4734 1461 4774 mee
1475 4716 1600 4792 dymnum
1614 4732 1625 4772 .·
1639 4734 1699 4773 cest
1718 4717 1836 4772 decemb
1852 4732 1898 4777 nrt

238 4808 349 4865 diabolo
363 4812 392 4863 et
404 4806 533 4878 operibns
547 4806 616 4877 eius.
636 4807 688 4863 l³ro
702 4807 954 4879 transgressoribus
974 4824 1042 4879 erqo
1088 4814 1291 4888 jectiticotiones
1303 4821 1372 4869 teet.
1385 4812 1415 4870 st
1434 4828 1482 4885 per
1497 4826 1591 4884 putrere
1606 4812 1804 4867 consedentem
1817 4824 1896 4865 rese·

239 4903 322 4974 huilli
334 4902 404 4973 pecti
426 4899 557 4973 imvm
573 4902 695 4960 llbdissii·
710 4902 853 4957 Eli'allitls
863 4901 1040 4974 libididebelt
1092 4920 1151 4965 rete
1166 4908 1269 4965 loerlnt
1282 4922 1298 4963 e
1312 4918 1339 4965 le
1352 4908 1423 4965 labin
1437 4922 1510 4976 mee,
1526 4915 1591 4963 toric
1602 4908 1715 4979 diqnnrn
1730 4904 1896 4962 boortlcnle

238 4996 306 5067 Quis
322 4996 418 5060 irritor,
432 5006 462 5051 et
475 5010 526 5066 eqo
541 5010 594 5049 uon
608 5010 674 5051 uror
684 4994 719 5069 ill
732 4994 794 5051 Cor.
809 4994 870 5068 xiil
1094 5001 1232 5074 prolepsim
1254 5001 1386 5073 bpmnom
1402 5018 1409 5054 ε
1430 5016 1511 5074 quern
1533 5014 1550 5056 ε
1575 4998 1628 5056 tois
1647 4997 1895 5069 instillationibus

281 5089 346 5145 Vide
354 5091 416 5162 quic
425 5088 550 5144 munduca
563 5098 608 5143 tue
621 5087 713 5155 diluti,
734 5086 845 5143 dominc
858 5106 866 5143 :
881 5090 909 5143 in
931 5098 975 5144 tntu
990 5090 1041 5144 nti-
1093 5094 1213 5151 imbutus
1225 5098 1352 5152 edoceor.

241 5182 497 5253 wbmdicololfioe
506 5196 556 5237 tte.
572 5180 671 5237 Dilexit
684 5195 799 5239 cernon
813 5192 981 5253 permetere.
991 5183 1040 5240 sed
1129 5186 1315 5245 Pronuntiuilt
1328 5190 1418 5262 linquo
1431 5204 1489 5244 nnec
1503 5187 1607 5261 stomin
1618 5197 1674 5254 eeu,
1694 5184 1894 5258 quamtus
1926 5206 1931 5213 ’

238 5273 682 5347 widnffllolllllltliilifeilllm·
694 5274 841 5341 lotorem
853 5274 1041 5337 ltlteieilloetl
1093 5293 1139 5338 tue
1151 5283 1267 5353 equitur.
1284 5280 1356 5337 ilibil
1369 5279 1494 5337 estellnd
1509 5280 1536 5337 in
1551 5280 1668 5351 eloquiis
1683 5280 1748 5345 tuis,
1765 5279 1891 5349 bomine,

237 5368 373 5439 “widh
893 5441 900 5450 .
1093 5377 1145 5433 nisi
1159 5390 1220 5448 per,
1236 5376 1288 5431 niel
1304 5375 1429 5446 sequens,
1446 5374 1499 5430 niel
1514 5373 1580 5430 ulte.
1596 5371 1655 5428 lloc
1671 5372 1757 5429 corde
1769 5372 1891 5440 credere,

167 5540 170 5547 Ι
275 5459 437 5543 Principium
445 5460 581 5517 umorem
593 5468 696 5516 tutorum
707 5458 850 5517 seritur.llt
862 5476 948 5517 novos
958 5460 1042 5519 ltcroo
1093 5468 1147 5547 irco
1161 5468 1241 5524 inblis
1252 5468 1375 5539 eloquar,
1391 5467 1444 5521 noe
1454 5466 1543 5538 deque
1559 5465 1743 5535 pronuntiem.

236 5560 349 5611 renatos
363 5556 390 5609 ie
405 5552 608 5609 Clrrlstenlrrt.
626 5552 1040 5627 Erinetrmnmornniojerlieic
1112 5550 1192 5617 ’flius
1214 5578 1307 5617 munuc
1321 5572 1376 5628 reu,
1391 5571 1420 5616 et
1443 5560 1524 5616 intret
1541 5574 1582 5615 ere
1597 5561 1743 5633 :qnoniam
1765 5558 1891 5613 meum

232 5650 347 5719 justitie
361 5658 421 5705 tue.
432 5646 468 5705 lit
477 5646 606 5717 deinceps
618 5662 787 5720 coqrtotoettt
800 5663 830 5706 te
844 5650 878 5705 ed
892 5652 1039 5722 lmepinem
1091 5664 1137 5710 tu
1146 5654 1222 5725 cleql.
1234 5650 1301 5709 Cum
1315 5652 1381 5707 dicit
1396 5650 1477 5706 :Fece
1488 5660 1647 5718 momine,
1661 5650 1789 5724 designet
1799 5650 1890 5705 bont·

206 5748 209 5756 ·
235 5736 496 5811 slnrllltodincmque
510 5738 704 5809 linimentum,
720 5743 789 5799 eibll
802 5740 914 5814 indiciis
926 5756 959 5799 rc
976 5742 1035 5813 iue-
1089 5729 1154 5801 nom
1170 5744 1351 5811 saluatorem,
1366 5745 1412 5816 qui
1433 5743 1525 5800 iectus
1539 5752 1581 5801 est
1596 5742 1621 5800 ei
1633 5758 1665 5800 er
1681 5745 1787 5800 senine
1800 5742 1887 5803 orsu

235 5830 304 5889 ritib
317 5832 377 5903 cios
388 5842 465 5905 peret
483 5830 636 5905 nonum
1086 5837 1238 5897 mundone
1251 5834 1886 5910 mreen‚perquetoleoteruntecleerte‚et
