4000 6334
446 236 481 297 ttt
499 234 724 311 sttnseauiirts
743 236 957 299 Blillllbllllllll
978 238 1012 297 ΙΝ
1031 234 1190 300 assuitus
1208 237 1408 302 sanabilia.

479 357 590 422 Namque
601 372 646 423 par
655 358 758 409 incultas
769 361 836 409 errat
847 359 904 409 dom
916 357 1010 409 labaim
1021 357 1123 422 palmas,

524 421 609 493 Dulcis
626 428 652 472 et
663 423 784 471 ambrosio
793 422 866 471 tincta
878 422 973 485 liquare
986 419 1056 533 ipra:

482 482 629 533 Perdtderat
641 483 699 535 tuiti
709 484 827 534 radiantia
839 482 909 546 signa
922 482 995 534 ntetal
1007 484 1024 542 i,

525 544 637 597 'rexerat
645 554 671 596 et
682 545 752 596 littra
762 544 800 595 illa
811 558 899 596 canora
910 546 968 597 situ.

479 607 532 659 Sed
541 613 625 660 tamen
635 608 759 659 liebralca
771 621 858 659 rorsas
870 608 929 670 [iis.
943 608 1041 671 tersus]
1051 606 1148 661 muana
1157 606 1241 672 polite,

526 671 562 721 aio
574 671 644 721 simui
654 669 768 735 Argolica
780 671 862 721 denua
875 672 937 734 picta
948 682 1031 721 manu.

479 731 611 783 iiettinuaa
620 732 677 784 caeli
687 746 809 797 spargens
817 741 885 785 tratas
896 732 976 784 sidera
986 744 1071 797 vaces,

531 793 668 860 concrepat
678 796 791 858 angelico
806 797 914 846 carmina
923 807 992 847 sama
1004 807 1073 847 sano.

480 856 553 909 lluac
562 870 622 923 cape
635 865 774 909 comentem
784 859 890 922 gratanti
900 858 976 908 corde
985 857 1111 915 volumen,

524 918 607 984 thue
620 921 653 971 tta
666 926 818 985 permaneat,
828 922 868 979 tls,
882 920 967 981 Pater,
978 932 1033 980 oro,
1045 930 1165 983 operata:

478 981 565 1035 Nullus
574 984 641 1033 enirn
653 982 878 1035 irnetusconamiua
895 990 978 1035 nostra
989 990 1120 1047 muctar,

525 1042 609 1096 Erssis
622 1046 696 1107 vitiis,
708 1046 750 1109 qul
761 1045 824 1095 bona
834 1046 988 1097 subdidimus
1000 1058 1007 1094 :

477 1105 508 1158 iti
519 1106 581 1170 aigil
593 1116 668 1171 atque
679 1120 757 1171 sagax
765 1108 854 1169 studia,
865 1107 941 1159 Pater
950 1108 1055 1171 optime,
1067 1111 1152 1157 vestm

523 1169 662 1223 Conseraet
677 1172 847 1235 scriptorque
857 1172 929 1222 modo
941 1176 1011 1222 recta
1022 1177 1132 1221 manent.

153 1338 248 1395 Nullam
258 1338 302 1397 ltic
315 1339 394 1398 vides
406 1339 516 1396 Florum
529 1356 543 1395 a
558 1354 589 1397 se
603 1340 744 1397 adornatae
759 1339 941 1412 expositionis
953 1340 1121 1396 mentionem
1135 1338 1236 1404 iacere,
1251 1350 1338 1396 tetum
1353 1355 1418 1397 reta
1439 1341 1465 1395 ιιι
1476 1356 1510 1398 ea
1524 1357 1596 1409 esse,
1618 1355 1645 1397 ut
1665 1359 1763 1400 recens

124 1434 243 1491 emendati
255 1433 361 1492 codicis
373 1433 535 1491 industriam
549 1436 658 1506 probet.
674 1434 708 1492 tt
720 1452 811 1503 aerato,
824 1438 935 1509 opinor,
950 1437 1002 1493 sibi
1019 1434 1186 1508 persuadeat
1196 1435 1255 1492 lteri
1271 1438 1403 1507 patuisse,
1419 1439 1442 1494 si
1459 1438 1581 1494 Panion-s
1592 1454 1700 1509 quoqne
1711 1437 1759 1495 ilio

123 1525 303 1581 conmentario
318 1526 496 1591 illustrasset,
512 1525 563 1583 irae
585 1536 614 1582 ut
629 1526 663 1583 de
681 1542 712 1583 re
731 1528 827 1584 ssiteta
853 1528 937 1585 aerbo
962 1541 1076 1584 monere
1095 1525 1242 1583 i'lordaum
1266 1527 1395 1583 abbatam
1420 1544 1500 1585 suom
1526 1530 1759 1599 praetermitteret.

123 1617 181 1689 Quia
197 1620 277 1674 immo
291 1622 360 1675 tanti
374 1620 466 1687 aperis
480 1623 618 1677 rationem
631 1635 663 1679 aa
677 1622 800 1705 studp'uttt
821 1621 914 1677 multis
928 1622 1147 1677 commendasset
1159 1662 1167 1687 ,
1181 1624 1228 1695 qai
1243 1622 1270 1677 in
1286 1637 1364 1678 navae
1378 1625 1565 1688 renotationis,
1581 1626 1694 1696 eiusque
1706 1626 1761 1682 ior·

26 1714 27 1723 ’
123 1720 184 1767 tasse
194 1712 226 1768 ab
241 1712 293 1769 alia
309 1713 432 1770 studiosa
444 1728 525 1771 maan
543 1714 714 1772 concinnatae
728 1717 822 1773 laudes
837 1728 992 1789 exaggerat.
1018 1716 1190 1788 Quamquam
1210 1728 1238 1773 et
1259 1718 1322 1774 aliis
1335 1720 1504 1791 argumentis
1526 1720 1697 1789 perspicuum
1717 1730 1762 1777 est

122 1804 201 1877 plane,
214 1813 294 1879 atque
304 1806 430 1871 evidens,
446 1806 559 1865 Florum
571 1808 721 1866 condendis
735 1809 761 1865 in
775 1809 896 1867 Psalmos
907 1808 1114 1867 commentariis
1125 1824 1265 1881 nunquam
1276 1825 1386 1867 toaouaa
1398 1812 1553 1869 adortarisse
1566 1829 1573 1869 ε
1585 1828 1675 1884 tteqae
1694 1814 1763 1871 adeo

121 1900 239 1973 ejusmodi
255 1901 361 1959 laboris
375 1904 533 1961 meminisse
544 1919 658 1973 nsquam
680 1920 728 1963 seu
745 1905 929 1971 teretttiares,
945 1906 991 1978 qui
1014 1909 1140 1961 rivorum
1156 1903 1282 1961 doctrina
1298 1904 1466 1972 illustrium,
1482 1906 1624 1977 ipsiusque
1648 1921 1761 1977 operum

25 2052 27 2061 ,
122 1989 185 2047 llari
198 1996 335 2067 catalogos
348 1996 548 2053 instruxerunt.
565 1994 699 2069 Denique,
713 2007 743 2053 ut
753 2009 781 2055 et
796 2000 880 2053 matta
896 1997 949 2053 alia
965 1997 1002 2053 ab
1013 1996 1167 2067 argumenti
1192 1996 1439 2068 propinquitatem,
1461 2000 1497 2055 ita
1520 2007 1548 2053 et
1570 1998 1629 2070 aius
1653 1999 1761 2057 diaconi

25 2076 27 2179 ἑ
119 2099 385 2162 renascompertum
402 2092 534 2149 nobisest
549 2093 668 2150 adscitos
689 2094 811 2161 aliunde,
835 2095 1000 2164 jttactosqtte
1013 2092 1052 2148 iili
1074 2093 1273 2149 commentaria
1287 2094 1323 2149 ab
1337 2109 1371 2152 ea
1393 2095 1441 2165 qai
1455 2095 1580 2152 codicem
1604 2097 1763 2167 cortapepit;

25 2224 27 2247 2
120 2194 172 2235 nam
185 2192 209 2237 et
224 2184 341 2241 meliore
352 2185 469 2242 enaasilia
479 2184 601 2242 eosalibi
614 2186 731 2243 vidioans
742 2186 769 2241 io
786 2187 996 2263 ntaaralteroque
1008 2183 1142 2241 Vaticana
1153 2200 1205 2240 ms.
1219 2183 1355 2241 Psaltetia
1368 2186 1434 2257 ipa.
1450 2186 1600 2243 Gallicanae
1612 2195 1644 2244 ut
1665 2199 1765 2245 taccat

119 2278 247 2346 versionis,
262 2278 380 2352 preligi.
402 2280 460 2336 Noa
475 2291 519 2338 est
531 2296 598 2353 ergo
611 2282 671 2354 ejus
684 2290 780 2337 auctor
795 2280 983 2337 commetatarii
1002 2277 1116 2344 Florus,
1141 2277 1190 2334 sed
1217 2278 1327 2351 sequior
1351 2279 1439 2348 alius,
1463 2283 1628 2353 quicumque
1654 2283 1761 2340 {attalem

119 2367 158 2425 lile
176 2369 265 2437 inerit,
289 2374 472 2446 interpolator
486 2376 615 2432 Brevitati
633 2378 659 2431 io
685 2378 823 2443 psalmos,
846 2376 892 2448 qui
907 2388 1021 2431 aoneas
1036 2373 1118 2431 moda
1131 2377 1331 2441 enarrationes,
1347 2383 1456 2446 quaeat
1474 2374 1647 2434 iiartiaoatus
1670 2380 1761 2445 cudit,

25 2464 27 2533 ἶ
118 2463 315 2540 sapiensque
330 2483 428 2526 omnes
448 2468 547 2527 exinde
572 2478 699 2543 acceptas
721 2471 748 2526 in
762 2471 842 2525 aliam
861 2478 943 2542 atque
963 2469 1043 2525 aliam
1059 2468 1174 2524 iamiam
1194 2466 1312 2540 migrare
1328 2469 1432 2541 jussit:
1456 2478 1540 2540 atqae
1554 2473 1678 2529 securius
1702 2472 1767 2528 tidei

119 2552 238 2616 imnarnm
250 2561 422 2631 imponeret,
435 2562 595 2637 iiicranymi
606 2578 750 2636 personam
768 2561 866 2620 induit.
883 2561 988 2617 Nedum
1013 2575 1081 2618 tero
1101 2558 1171 2615 laisa
1196 2569 1276 2627 stant,
1297 2559 1345 2616 sed
1368 2569 1397 2617 et
1417 2560 1623 2633 iiieraotymiaoi
1647 2564 1767 2620 nominis

118 2662 220 2717 prorsus
235 2652 437 2724 indignaque
452 2654 718 2725 praelatioonmloca
732 2654 863 2726 premisit
877 2652 1000 2711 schedia.
1017 2652 1110 2709 Prima
1133 2662 1177 2707 est
1200 2652 1320 2709 celebria
1344 2652 1389 2707 illa
1410 2654 1444 2710 ad
1467 2654 1614 2711 Damasum
1638 2657 1769 2729 epistola,

25 2734 27 2755 ⁵
118 2737 173 2815 ieqt
185 2744 288 2801 litteras
301 2748 466 2821 apostolatus
479 2750 569 2819 castri,
589 2758 724 2823 pascentes
738 2762 766 2804 tat
782 2748 925 2804 seeundum
940 2747 1134 2819 simplieitatem
1157 2745 1230 2803 Lxx
1252 2748 1423 2822 interpretum
1435 2750 1581 2807 cmrendnot
1601 2750 1770 2826 Prolatoqra-

118 2833 190 2895 aiant
202 2836 241 2908 (itt
256 2838 322 2895 aad.
340 2850 460 2895 canentes
470 2837 731 2917 Paaltoaqrapltt'aoa)
746 2842 912 2915 interpretari
927 2840 1139 2911 inlinemus..
1155 2856 1169 2895 a
1189 2839 1287 2896 llartia
1301 2840 1408 2912 pridem
1419 2843 1542 2914 uulgata,
1553 2844 1689 2913 tantisque
1704 2861 1770 2901 seo-

118 2930 257 2986 tertiarum
268 2948 302 2989 ac
316 2934 464 2989 uerborum
482 2935 610 2991 monstris
623 2936 767 3003 maerentia,
785 2946 814 2991 at
828 2936 921 2991 mirari
938 2950 991 2991 nara
1004 2934 1129 2992 desinam
1139 2934 1261 3007 potuisse
1276 2934 1491 2997 ileatscbeniata.
1514 2938 1651 2995 bominem
1668 2950 1767 2998 caetera

25 3024 27 3063 Ρ
119 3020 233 3091 doctum,
253 3040 305 3095 prro
318 3026 460 3100 germanis
476 3026 588 3085 babere.
607 3028 734 3101 Ejusdem
747 3029 804 3085 iere
815 3038 879 3085 auat
894 3027 1006 3085 itariaris
1022 3026 1127 3096 reliqua
1144 3046 1150 3082 :
1174 3026 1271 3083 licam
1287 3026 1424 3084 Praltera'i.
1439 3029 1599 3087 Petitariaot
1617 3034 1645 3087 io
1665 3038 1772 3089 meanto

115 3118 176 3174 delta
189 3120 284 3176 litterae
298 3122 486 3196 [amatilipnt'
497 3140 592 3180 sanata
602 3124 760 3192 annectitur,
776 3133 825 3180 etc.
839 3124 872 3181 Et
889 3138 951 3195 quae
969 3122 1126 3179 subduntur
1143 3140 1149 3175 :
1171 3122 1241 3191 Quin
1259 3123 1391 3196 propinatis
1405 3125 1514 3197 spiritate
1539 3142 1590 3182 arao
1609 3144 1709 3200 ecotper
1722 3145 1769 3185 ea·

112 3224 163 3266 etta
175 3215 313 3272 mentiens
328 3227 423 3289 praeta
435 3226 473 3274 est
488 3233 498 3274 .·
513 3227 642 3289 qnatenus
656 3234 714 3273 cum
728 3218 796 3274 laona
811 3235 863 3275 nan
878 3217 1005 3284 habeant,
1018 3233 1046 3273 se
1056 3227 1117 3271 tatae
1136 3226 1295 3288 caparascattt
1307 3233 1340 3272 es
1359 3215 1474 3273 Damion
1487 3216 1593 3286 tabae,
1613 3236 1670 3275 aaut
1691 3220 1771 3276 iaie·

113 3318 173 3365 reat.
186 3309 326 3368 Succedit
340 3314 382 3370 itis
400 3314 517 3385 genuina
533 3312 563 3369 S.
583 3312 712 3370 littctoris
726 3312 848 3383 pernimio
870 3314 896 3369 io
915 3311 1068 3369 Psalmasa
1083 3326 1114 3367 se
1128 3310 1225 3366 iterum
1240 3310 1275 3365 ad
1298 3310 1422 3366 arccana
1438 3311 1579 3381 exemplat·
1597 3312 1769 3379 emendatos,

111 3416 165 3475 utar
178 3404 291 3477 incipit,
314 3406 474 3464 Psalterium
489 3408 582 3465 Romae
596 3408 696 3464 andnam
709 3408 809 3477 poeitae
824 3405 1003 3471 eoaendaraar,
1022 3413 1072 3461 etc.
1087 3402 1270 3475 Subsequitur
1283 3404 1353 3474 ipsa,
1371 3402 1399 3459 in
1409 3404 1488 3475 enjus
1502 3404 1563 3462 baec
1575 3403 1695 3462 diximus
1710 3422 1773 3477 gra·
1821 3448 1825 3454 .

109 3495 183 3564 uam,
196 3499 378 3559 Psalmorum
393 3501 497 3573 prolixa
518 3503 672 3571 expositio:
689 3499 715 3555 i.
734 3500 857 3557 Psalmtts
871 3496 957 3555 Dauid
970 3500 1003 3554 de
1015 3498 1128 3554 Curiata.
1144 3496 1260 3565 Quidam
1272 3506 1366 3571 patant
1379 3497 1456 3554 istite
1471 3498 1568 3571 psaloo'
1580 3499 1677 3555 eiaaeoa
1691 3517 1771 3571 saper

112 3587 204 3647 t'artrtt
218 3593 336 3649 Domini
355 3595 437 3649 trastri
460 3610 597 3664 pesonam
613 3610 666 3650 essa
679 3594 854 3665 referendam,
874 3603 902 3648 nt
917 3592 1007 3648 beatas
1025 3591 1074 3647 iste
1097 3591 1147 3657 uir,
1171 3588 1314 3646 amandum
1336 3588 1469 3645 tantaene
1492 3589 1612 3647 Christos
1635 3594 1681 3663 ait,
1705 3604 1770 3661 eto,

112 3689 345 3755 quemadmodum
358 3700 386 3746 et
399 3690 427 3745 in
438 3706 488 3747 sua
502 3689 597 3747 codice
611 3688 713 3761 reperit
726 3690 908 3756 iiartlanaeus,
923 3702 1028 3759 nosque
1043 3698 1104 3755 post
1126 3702 1188 3743 eum
1210 3686 1237 3743 in
1259 3686 1390 3744 breviarii
1410 3687 1486 3744 calce
1506 3690 1682 3748 excedemus.
1706 3691 1774 3749 Post

113 3775 237 3841 Psalntas
253 3792 427 3841 enarrantur
440 3796 465 3837 et
480 3782 603 3848 Cantica,
618 3782 778 3840 remoratio
794 3782 933 3839 Dorrriaiea
946 3780 1103 3851 expoatitur,
1117 3780 1162 3836 obi
1175 3790 1203 3835 ct
1214 3795 1311 3851 panem
1324 3781 1602 3851 supersubstantialem
1616 3800 1667 3854 pro
1684 3788 1773 3855 qaatt'·

112 3874 185 3932 aliano
195 3887 341 3936 tractator
356 3877 432 3951 legit.
446 3878 607 3953 Symbolum
629 3892 736 3950 quoque
750 3878 948 3949 apostolorum,
965 3885 993 3931 et
1009 3872 1230 3931 Fidetcatlaala'ea
1249 3872 1281 3931 S.
1302 3873 1441 3931 stimant
1457 3878 1551 3946 paucis
1568 3878 1743 3949 explicantur
1765 3901 1772 3937 ι

110 3978 188 4042 atque
203 3972 231 4028 io
249 3973 302 4030 illo
314 3972 424 4043 quidem
438 3972 472 4028 de
489 3973 652 4029 demissione
665 3982 830 4043 peramarunt
845 3969 975 4025 articulus
987 3970 1128 4039 reticetur,
1142 3968 1216 4039 quad
1231 3968 1353 4041 symboli
1370 3974 1452 4042 laage
1471 3971 1690 4039 antiquissimam
1703 3988 1773 4032 tata·

112 4073 162 4121 tem
178 4078 281 4127 notare
295 4068 439 4126 videretur
451 4068 486 4138 (si
500 4066 609 4139 quidem
626 4082 714 4137 acque
729 4068 755 4121 io
776 4065 809 4123 iis
822 4076 972 4136 comparet,
987 4078 1048 4132 quse
1062 4062 1258 4133 Tertullianus,
1279 4062 1410 4133 lrentaus,
1432 4066 1476 4122 rel
1496 4063 1628 4138 Origenes
1644 4070 1773 4144 recitant)

109 4158 158 4215 nisi
174 4163 273 4219 aerius
288 4162 439 4234 putandam
453 4161 501 4230 sit,
514 4160 669 4217 scribarum
681 4159 827 4217 oscitantia
842 4158 869 4213 ita
883 4156 934 4213 lanc
945 4156 1024 4214 illurn
1040 4156 1215 4227 expositione
1237 4157 1462 4228 pretermissum.
1481 4158 1548 4217 Post
1570 4158 1640 4219 baec.
1655 4161 1773 4239 Explicit

110 4250 295 4331 literaogoans
310 4272 390 4327 snper
404 4254 564 4312 Psaiteriaot
580 4270 590 4310 .·
605 4254 715 4325 duaque
726 4251 754 4309 bi
767 4266 863 4309 tersus
877 4248 1010 4322 adscripti
1027 4266 1035 4304 a

495 4435 619 4489 Francisci
632 4446 757 4486 memores
767 4433 817 4485 siat
828 4432 881 4485 bec
889 4444 935 4483 sua
945 4431 1171 4499 scriptaiegentes,

544 4496 625 4551 Omne
637 4500 676 4549 cni
684 4498 771 4550 subest
781 4494 888 4547 fundere
900 4508 968 4561 sepa
977 4507 1076 4559 preces.

108 4671 214 4732 detera
227 4673 376 4747 persequi,
390 4686 451 4730 eam
464 4670 521 4741 jam
535 4669 568 4726 de
582 4667 655 4726 Fieri
672 4666 817 4739 poematia
831 4664 992 4729 dixerimus,
1010 4661 1076 4718 nibil
1091 4663 1216 4719 interest.

142 4770 343 4828 Revertamur
357 4767 390 4824 ad
402 4766 600 4824 liartiaoaattm.
622 4762 668 4819 iiis
681 4776 742 4833 qaae
754 4761 876 4817 diximus
894 4755 1018 4829 adjunxit
1037 4754 1084 4814 ille
1102 4766 1129 4813 et
1145 4755 1253 4826 longam
1273 4760 1454 4829 prolationem
1473 4760 1506 4818 tie
1518 4762 1585 4820 liira
1600 4765 1778 4843 Psaioraraot,

106 4879 188 4936 qnam
202 4866 234 4924 itt
251 4865 345 4921 tribus
357 4876 424 4919 mss.
447 4858 653 4929 exemplaribus
672 4857 783 4913 cananis
797 4853 931 4911 babraicae
948 4850 1072 4909 ueritatis
1091 4848 1210 4920 invenit,
1224 4858 1253 4908 et
1265 4852 1372 4923 pridem
1387 4854 1423 4911 cl.
1439 4854 1590 4915 dolatorias
1608 4862 1635 4917 ita
1657 4864 1730 4920 tratis
1745 4866 1779 4922 ad

105 4964 175 5015 tom.
188 4958 229 5016 ili
242 4959 491 5015 bioraumeotoram
505 4952 634 5008 Ecclesiae
648 4948 750 5005 Graecae
765 4946 908 5003 verissime
923 4943 1155 5015 pronuntiaverat,
1167 4960 1215 4998 aaa
1231 4942 1395 5017 iiieraaqoo'.
1409 4962 1455 5001 nee
1469 4946 1666 5022 iiiercnpoaa'aoi
1673 4972 1779 5013 cansar-

109 5050 411 5109 sacramentarii
434 5064 500 5105 tero
514 5044 626 5101 dublum
643 5040 760 5097 describi
781 5049 868 5094 totana
885 5053 917 5093 ex
937 5036 1095 5110 aegnotantis
1111 5034 1222 5091 Eusebii
1244 5034 1424 5093 Caesariensis
1442 5038 1470 5093 in
1496 5038 1628 5110 Prolatae,
1652 5061 1719 5115 qaas
1735 5051 1781 5107 ilie

106 5150 552 5217 ‘imitatamocamquataqttam
568 5132 825 5231 taatrtatsmpttqoia
835 5133 881 5188 lile
897 5130 979 5187 luerit
991 5130 1137 5201 interpres,
1148 5138 1273 5185 neutram
1283 5130 1402 5201 linguam
1415 5132 1499 5201 probe
1509 5135 1777 5201 calluisserideataar,

105 5234 199 5307 liujus
212 5250 333 5309 qnoque
352 5233 462 5304 Prolagi
486 5244 536 5287 aas
550 5231 636 5285 multa
649 5226 819 5285 emattaatias
833 5223 975 5290 exemplar
992 5221 1019 5277 io
1042 5220 1219 5277 attobrosiaata
1237 5220 1399 5279 ltibiiottteca
1414 5211 1591 5297 invenimus,
1606 5230 1702 5289 codice
1717 5250 1736 5304 t,
1752 5236 1769 5294 e

101 5328 173 5387 olim
191 5328 225 5385 S.
239 5326 410 5384 columbari
426 5323 460 5381 de
473 5322 571 5387 Baitia,
590 5336 622 5377 ex
632 5334 686 5390 qna
702 5317 778 5374 iilum
789 5316 994 5387 castigatiorem
1010 5328 1063 5369 sato
1077 5315 1148 5379 loco,
1160 5323 1190 5369 ut
1200 5328 1236 5369 ne
1248 5313 1311 5384 quid
1327 5314 1409 5385 desit,
1424 5316 1598 5375 exhibemus.

142 5421 289 5476 Alteram
316 5416 482 5473 Pralrooram
509 5412 746 5485 intepretationem
770 5407 865 5477 tmperi
891 5405 1097 5461 anecdotorum
1122 5404 1284 5462 collectores
1306 5404 1409 5463 domiai
1426 5407 1584 5466 iidtaeodos
1604 5412 1737 5492 iiartene,
1755 5432 1782 5479 et

103 5514 237 5577 Ursitaus
250 5512 366 5571 Durani
379 5510 522 5584 praierttnt
538 5524 572 5565 ex
591 5524 642 5565 tus.
657 5502 873 5578 aquicinctensi,
887 5502 933 5573 qni
951 5508 1041 5557 tamea
1065 5500 1136 5555 liber
1151 5513 1205 5556 aaa
1233 5498 1440 5574 ilieraoymum,
1464 5502 1511 5559 sed
1537 5504 1671 5564 llilarinm
1692 5511 1784 5570 Picta.

104 5612 247 5667 alensem
274 5618 412 5665 auctorem
427 5604 549 5678 praefert.
571 5602 625 5673 ipsi
640 5600 722 5657 etiam
736 5597 837 5654 laudati
854 5596 975 5653 editores
989 5594 1135 5667 quamdam
1147 5594 1205 5668 ejus
1225 5598 1318 5666 aperis
1333 5607 1452 5666 partem,
1471 5608 1590 5669 quatuor
1601 5602 1708 5663 scilicet
1728 5618 1786 5667 tra·

100 5714 205 5763 emtus
220 5702 255 5759 in
270 5702 388 5771 psalmas
403 5714 450 5767 xa,
465 5714 541 5764 xxm,
559 5711 617 5764 ιιι,
632 5705 659 5752 et
673 5709 764 5763 oxnax,
780 5704 849 5761 quas
865 5688 953 5761 primo
967 5688 1052 5745 edtmt
1065 5686 1093 5743 itt
1104 5688 1204 5753 lucem,
1218 5687 1322 5744 liilario
1338 5687 1507 5744 adscribunt.
1521 5689 1627 5748 Cetera
1639 5708 1696 5751 non
1708 5697 1784 5757 diiii.

102 5808 212 5858 tentnr
246 5793 457 5869 iiieraapoaiaoi
481 5790 651 5862 excerptoris
674 5802 751 5857 csse;
778 5798 890 5859 arrepta
911 5781 996 5854 enim,
1024 5782 1161 5855 inquiant,
1184 5779 1324 5841 valamine
1348 5781 1482 5842 Brerisrii
1505 5784 1533 5841 in
1555 5784 1690 5863 Ριιιιιιοι,
1711 5787 1784 5867 qnod

276 5888 412 5954 Pinax.
433 5884 554 5953 xilvb
1546 5873 1588 5939 id
