<?xml version="1.0" encoding="UTF-8"?>
<!DOCTYPE html PUBLIC "-//W3C//DTD XHTML 1.0 Transitional//EN"
    "http://www.w3.org/TR/xhtml1/DTD/xhtml1-transitional.dtd">
<html xmlns="http://www.w3.org/1999/xhtml" xml:lang="en" lang="en">
 <head>
  <title>
</title>
<meta http-equiv="Content-Type" content="text/html;charset=utf-8" />
  <meta name='ocr-system' content='tesseract 3.04.00' />
  <meta name='ocr-capabilities' content='ocr_page ocr_carea ocr_par ocr_line ocrx_word'/>
</head>
<body>
  <div class='ocr_page' id='page_1' title='image "./patrologiaecurs240unkngoog_0086.png"; bbox 0 0 4000 6334; ppageno 0'>
   <div class='ocr_carea' id='block_1_1' title="bbox 255 315 1905 382">
    <p class='ocr_par' dir='ltr' id='par_1_1' title="bbox 255 315 1905 382">
     <span class='ocr_line' id='line_1_1' title="bbox 255 315 1905 382; baseline 0.004 -6"><span class='ocrx_word' id='word_1_1' title='bbox 255 315 308 376; x_wconf 74' lang='lat'><strong>{59</strong></span> <span class='ocrx_word' id='word_1_2' title='bbox 891 321 921 380; x_wconf 81' lang='lat' dir='ltr'><strong>S.</strong></span> <span class='ocrx_word' id='word_1_3' title='bbox 944 319 1082 382; x_wconf 78' lang='lat' dir='ltr'><strong>EUSEBll</strong></span> <span class='ocrx_word' id='word_1_4' title='bbox 1099 321 1291 381; x_wconf 75' lang='lat' dir='ltr'><strong>tttsttobtttt</strong></span> <span class='ocrx_word' id='word_1_5' title='bbox 1855 325 1905 382; x_wconf 80' lang='lat' dir='ltr'><strong>tou</strong></span> 
     </span>
    </p>
   </div>
   <div class='ocr_carea' id='block_1_2' title="bbox 255 435 1994 3213">
    <p class='ocr_par' dir='ltr' id='par_1_2' title="bbox 255 435 1994 3213">
     <span class='ocr_line' id='line_1_2' title="bbox 257 435 1907 514; baseline 0.002 -22"><span class='ocrx_word' id='word_1_6' title='bbox 257 435 418 508; x_wconf 77' lang='lat' dir='ltr'><strong>telligebant</strong></span> <span class='ocrx_word' id='word_1_7' title='bbox 429 445 524 494; x_wconf 88' lang='lat' dir='ltr'><strong>contra</strong></span> <span class='ocrx_word' id='word_1_8' title='bbox 535 453 565 494; x_wconf 90' lang='lat' dir='ltr'><strong>se</strong></span> <span class='ocrx_word' id='word_1_9' title='bbox 575 452 669 496; x_wconf 89' lang='lat' dir='ltr'><strong>omues</strong></span> <span class='ocrx_word' id='word_1_10' title='bbox 679 439 789 496; x_wconf 82' lang='lat' dir='ltr'><strong>Domini</strong></span> <span class='ocrx_word' id='word_1_11' title='bbox 800 440 950 496; x_wconf 88' lang='lat' dir='ltr'><strong>sententias</strong></span> <span class='ocrx_word' id='word_1_12' title='bbox 961 437 1053 512; x_wconf 73' lang='lat' dir='ltr'><strong>diripi.</strong></span> <span class='ocrx_word' id='word_1_13' title='bbox 1068 439 1096 504; x_wconf 76' lang='grc' dir='ltr'><strong>Α</strong></span> <span class='ocrx_word' id='word_1_14' title='bbox 1108 443 1223 498; x_wconf 88' lang='lat' dir='ltr'><strong>occisio:</strong></span> <span class='ocrx_word' id='word_1_15' title='bbox 1239 451 1264 498; x_wconf 89' lang='lat' dir='ltr'><strong>et</strong></span> <span class='ocrx_word' id='word_1_16' title='bbox 1279 455 1484 512; x_wconf 79' lang='lat' dir='ltr'><strong>persenserunt</strong></span> <span class='ocrx_word' id='word_1_17' title='bbox 1500 449 1612 510; x_wconf 86' lang='lat' dir='ltr'><strong>mortes,</strong></span> <span class='ocrx_word' id='word_1_18' title='bbox 1624 448 1800 514; x_wconf 88' lang='lat' dir='ltr'><strong>contemptos</strong></span> <span class='ocrx_word' id='word_1_19' title='bbox 1813 451 1907 496; x_wconf 91' lang='lat' dir='ltr'><strong>osten·</strong></span> 
     </span>
     <span class='ocr_line' id='line_1_3' title="bbox 256 528 1359 606; baseline 0.001 -19"><span class='ocrx_word' id='word_1_20' title='bbox 256 528 338 588; x_wconf 88' lang='lat' dir='ltr'><strong>Unde</strong></span> <span class='ocrx_word' id='word_1_21' title='bbox 348 531 597 604; x_wconf 85' lang='lat' dir='ltr'><strong>volebantqoidem</strong></span> <span class='ocrx_word' id='word_1_22' title='bbox 608 548 670 590; x_wconf 91' lang='lat' dir='ltr'><strong>eum</strong></span> <span class='ocrx_word' id='word_1_23' title='bbox 686 534 851 600; x_wconf 81' lang='lat' dir='ltr'><strong>interficere,</strong></span> <span class='ocrx_word' id='word_1_24' title='bbox 866 534 913 592; x_wconf 91' lang='lat' dir='ltr'><strong>sed</strong></span> <span class='ocrx_word' id='word_1_25' title='bbox 926 535 1056 591; x_wconf 72' lang='lat' dir='ltr'><strong>timebant</strong></span> <span class='ocrx_word' id='word_1_26' title='bbox 1108 533 1181 590; x_wconf 87' lang='lat' dir='ltr'><strong>ditor</strong></span> <span class='ocrx_word' id='word_1_27' title='bbox 1196 534 1359 606; x_wconf 73' lang='lat' dir='ltr'>nuptiarum.</span> 
     </span>
     <span class='ocr_line' id='line_1_4' title="bbox 257 623 1908 698; baseline 0.002 -18"><span class='ocrx_word' id='word_1_28' title='bbox 257 623 365 680; x_wconf 85' lang='lat' dir='ltr'><strong>turbas:</strong></span> <span class='ocrx_word' id='word_1_29' title='bbox 378 624 440 693; x_wconf 88' lang='lat' dir='ltr'><strong>quia</strong></span> <span class='ocrx_word' id='word_1_30' title='bbox 453 625 525 682; x_wconf 86' lang='lat' dir='ltr'><strong>sieut</strong></span> <span class='ocrx_word' id='word_1_31' title='bbox 536 625 696 696; x_wconf 79' lang='lat' dir='ltr'><strong>proplietam</strong></span> <span class='ocrx_word' id='word_1_32' title='bbox 708 641 770 682; x_wconf 87' lang='lat' dir='ltr'><strong>eum</strong></span> <span class='ocrx_word' id='word_1_33' title='bbox 782 626 928 682; x_wconf 85' lang='lat' dir='ltr'><strong>habebant.</strong></span> <span class='ocrx_word' id='word_1_34' title='bbox 941 628 1057 698; x_wconf 82' lang='lat' dir='ltr'><strong>Semper</strong></span> <span class='ocrx_word' id='word_1_35' title='bbox 1143 628 1233 698; x_wconf 84' lang='lat' dir='ltr'><strong>(llere.</strong></span> <span class='ocrx_word' id='word_1_36' title='bbox 1248 629 1289 697; x_wconf 79' lang='grc'><strong>7.)</strong></span> <span class='ocrx_word' id='word_1_37' title='bbox 1305 627 1363 683; x_wconf 78' lang='lat' dir='ltr'><strong>lies</strong></span> <span class='ocrx_word' id='word_1_38' title='bbox 1376 638 1463 684; x_wconf 84' lang='lat' dir='ltr'><strong>nutem</strong></span> <span class='ocrx_word' id='word_1_39' title='bbox 1483 645 1541 685; x_wconf 88' lang='lat' dir='ltr'><strong>cum</strong></span> <span class='ocrx_word' id='word_1_40' title='bbox 1557 630 1689 697; x_wconf 83' lang='lat' dir='ltr'><strong>audisset,</strong></span> <span class='ocrx_word' id='word_1_41' title='bbox 1704 629 1789 683; x_wconf 85' lang='lat' dir='ltr'><strong>iratus</strong></span> <span class='ocrx_word' id='word_1_42' title='bbox 1801 637 1851 684; x_wconf 85' lang='lat' dir='ltr'><strong>est.</strong></span> <span class='ocrx_word' id='word_1_43' title='bbox 1870 628 1908 685; x_wconf 81' lang='lat' dir='ltr'><strong>lle</strong></span> 
     </span>
     <span class='ocr_line' id='line_1_5' title="bbox 255 714 1909 793; baseline 0.001 -21"><span class='ocrx_word' id='word_1_44' title='bbox 255 717 336 772; x_wconf 88' lang='lat' dir='ltr'><strong>turba</strong></span> <span class='ocrx_word' id='word_1_45' title='bbox 349 714 460 772; x_wconf 85' lang='lat' dir='ltr'><strong>mobilis</strong></span> <span class='ocrx_word' id='word_1_46' title='bbox 474 725 528 786; x_wconf 82' lang='lat' dir='ltr'><strong>est,</strong></span> <span class='ocrx_word' id='word_1_47' title='bbox 545 732 596 773; x_wconf 90' lang='lat' dir='ltr'><strong>nee</strong></span> <span class='ocrx_word' id='word_1_48' title='bbox 620 716 645 772; x_wconf 92' lang='lat' dir='ltr'><strong>in</strong></span> <span class='ocrx_word' id='word_1_49' title='bbox 663 719 800 790; x_wconf 89' lang='lat' dir='ltr'><strong>proposita</strong></span> <span class='ocrx_word' id='word_1_50' title='bbox 817 719 954 776; x_wconf 83' lang='lat' dir='ltr'><strong>volumtate</strong></span> <span class='ocrx_word' id='word_1_51' title='bbox 970 720 1057 790; x_wconf 89' lang='lat' dir='ltr'><strong>persi·</strong></span> <span class='ocrx_word' id='word_1_52' title='bbox 1107 733 1162 790; x_wconf 89' lang='lat' dir='ltr'><strong>quo</strong></span> <span class='ocrx_word' id='word_1_53' title='bbox 1175 719 1277 774; x_wconf 85' lang='lat' dir='ltr'><strong>dictum</strong></span> <span class='ocrx_word' id='word_1_54' title='bbox 1300 735 1382 790; x_wconf 82' lang='lat' dir='ltr'><strong>sopra</strong></span> <span class='ocrx_word' id='word_1_55' title='bbox 1398 721 1503 776; x_wconf 88' lang='lat' dir='ltr'><strong>luerat:</strong></span> <span class='ocrx_word' id='word_1_56' title='bbox 1519 719 1613 776; x_wconf 90' lang='lat' dir='ltr'><strong>Simile</strong></span> <span class='ocrx_word' id='word_1_57' title='bbox 1634 722 1782 793; x_wconf 70' lang='lat' dir='ltr'><strong>factumest</strong></span> <span class='ocrx_word' id='word_1_58' title='bbox 1797 735 1909 791; x_wconf 81' lang='lat' dir='ltr'><strong>requam</strong></span> 
     </span>
     <span class='ocr_line' id='line_1_6' title="bbox 256 807 1910 883; baseline 0.002 -20"><span class='ocrx_word' id='word_1_59' title='bbox 256 814 349 864; x_wconf 81' lang='lat' dir='ltr'><strong>siens:</strong></span> <span class='ocrx_word' id='word_1_60' title='bbox 365 818 447 876; x_wconf 82' lang='lat' dir='ltr'><strong>atque</strong></span> <span class='ocrx_word' id='word_1_61' title='bbox 463 807 490 862; x_wconf 88' lang='lat' dir='ltr'><strong>itt</strong></span> <span class='ocrx_word' id='word_1_62' title='bbox 506 821 611 862; x_wconf 89' lang='lat' dir='ltr'><strong>morem</strong></span> <span class='ocrx_word' id='word_1_63' title='bbox 626 807 769 876; x_wconf 84' lang='lat' dir='ltr'><strong>ductuum,</strong></span> <span class='ocrx_word' id='word_1_64' title='bbox 782 819 796 848; x_wconf 81' lang='lat'><strong>¹</strong></span> <span class='ocrx_word' id='word_1_65' title='bbox 805 810 976 868; x_wconf 79' lang='lat' dir='ltr'><strong>diversorum</strong></span> <span class='ocrx_word' id='word_1_66' title='bbox 992 827 1058 868; x_wconf 87' lang='lat' dir='ltr'><strong>ten·</strong></span> <span class='ocrx_word' id='word_1_67' title='bbox 1107 808 1229 865; x_wconf 86' lang='lat' dir='ltr'><strong>roelorum</strong></span> <span class='ocrx_word' id='word_1_68' title='bbox 1241 810 1342 864; x_wconf 87' lang='lat' dir='ltr'><strong>bomini</strong></span> <span class='ocrx_word' id='word_1_69' title='bbox 1355 812 1421 882; x_wconf 79' lang='lat' dir='ltr'><strong>cepi,</strong></span> <span class='ocrx_word' id='word_1_70' title='bbox 1434 811 1544 883; x_wconf 89' lang='lat' dir='ltr'><strong>quando</strong></span> <span class='ocrx_word' id='word_1_71' title='bbox 1558 811 1691 867; x_wconf 83' lang='lat' dir='ltr'><strong>inritabat</strong></span> <span class='ocrx_word' id='word_1_72' title='bbox 1703 812 1736 865; x_wconf 92' lang='lat' dir='ltr'><strong>ad</strong></span> <span class='ocrx_word' id='word_1_73' title='bbox 1749 811 1870 882; x_wconf 87' lang='lat' dir='ltr'><strong>nuptias,</strong></span> <span class='ocrx_word' id='word_1_74' title='bbox 1882 819 1910 866; x_wconf 86' lang='lat' dir='ltr'><strong>et</strong></span> 
     </span>
     <span class='ocr_line' id='line_1_7' title="bbox 258 899 1910 975; baseline 0.001 -19"><span class='ocrx_word' id='word_1_75' title='bbox 258 909 348 956; x_wconf 88' lang='lat' dir='ltr'><strong>torum</strong></span> <span class='ocrx_word' id='word_1_76' title='bbox 359 900 462 971; x_wconf 88' lang='lat' dir='ltr'><strong>impeto</strong></span> <span class='ocrx_word' id='word_1_77' title='bbox 474 899 526 957; x_wconf 90' lang='lat' dir='ltr'><strong>boc</strong></span> <span class='ocrx_word' id='word_1_78' title='bbox 535 899 654 974; x_wconf 87' lang='lat' dir='ltr'><strong>illucque</strong></span> <span class='ocrx_word' id='word_1_79' title='bbox 665 901 887 972; x_wconf 80' lang='lat' dir='ltr'><strong>trabitur.Qoent</strong></span> <span class='ocrx_word' id='word_1_80' title='bbox 899 920 970 960; x_wconf 86' lang='lat' dir='ltr'><strong>notre</strong></span> <span class='ocrx_word' id='word_1_81' title='bbox 981 905 1056 974; x_wconf 86' lang='lat' dir='ltr'><strong>quasi</strong></span> <span class='ocrx_word' id='word_1_82' title='bbox 1107 902 1204 973; x_wconf 72' lang='lat' dir='ltr'><strong>agebat</strong></span> <span class='ocrx_word' id='word_1_83' title='bbox 1217 917 1300 972; x_wconf 87' lang='lat' dir='ltr'><strong>opera</strong></span> <span class='ocrx_word' id='word_1_84' title='bbox 1314 905 1484 970; x_wconf 76' lang='lat' dir='ltr'><strong>clementio,</strong></span> <span class='ocrx_word' id='word_1_85' title='bbox 1498 903 1620 959; x_wconf 88' lang='lat' dir='ltr'><strong>bominis</strong></span> <span class='ocrx_word' id='word_1_86' title='bbox 1638 919 1737 959; x_wconf 85' lang='lat' dir='ltr'><strong>nornen</strong></span> <span class='ocrx_word' id='word_1_87' title='bbox 1752 907 1910 975; x_wconf 90' lang='lat' dir='ltr'><strong>appositum</strong></span> 
     </span>
     <span class='ocr_line' id='line_1_8' title="bbox 257 994 1912 1070; baseline 0.002 -20"><span class='ocrx_word' id='word_1_88' title='bbox 257 994 417 1068; x_wconf 79' lang='lat' dir='ltr'><strong>proplietam</strong></span> <span class='ocrx_word' id='word_1_89' title='bbox 449 1003 617 1052; x_wconf 84' lang='lat' dir='ltr'><strong>venerantur</strong></span> <span class='ocrx_word' id='word_1_90' title='bbox 638 1006 665 1052; x_wconf 91' lang='lat' dir='ltr'><strong>et</strong></span> <span class='ocrx_word' id='word_1_91' title='bbox 687 996 783 1054; x_wconf 86' lang='lat' dir='ltr'><strong>colom</strong></span> <span class='ocrx_word' id='word_1_92' title='bbox 806 1007 930 1070; x_wconf 85' lang='lat' dir='ltr'><strong>:postea</strong></span> <span class='ocrx_word' id='word_1_93' title='bbox 960 1007 1057 1055; x_wconf 87' lang='lat' dir='ltr'><strong>eomro</strong></span> <span class='ocrx_word' id='word_1_94' title='bbox 1108 1005 1161 1065; x_wconf 89' lang='lat' dir='ltr'><strong>est,</strong></span> <span class='ocrx_word' id='word_1_95' title='bbox 1175 1011 1246 1052; x_wconf 82' lang='lat' dir='ltr'><strong>notre</strong></span> <span class='ocrx_word' id='word_1_96' title='bbox 1257 998 1364 1066; x_wconf 72' lang='lat' dir='ltr'><strong>cquando</strong></span> <span class='ocrx_word' id='word_1_97' title='bbox 1375 998 1408 1052; x_wconf 88' lang='lat' dir='ltr'><strong>ad</strong></span> <span class='ocrx_word' id='word_1_98' title='bbox 1423 997 1553 1053; x_wconf 86' lang='lat' dir='ltr'><strong>ultionem</strong></span> <span class='ocrx_word' id='word_1_99' title='bbox 1570 997 1655 1064; x_wconf 80' lang='lat' dir='ltr'><strong>venit,</strong></span> <span class='ocrx_word' id='word_1_100' title='bbox 1670 999 1751 1052; x_wconf 91' lang='lat' dir='ltr'><strong>bomo</strong></span> <span class='ocrx_word' id='word_1_101' title='bbox 1762 997 1912 1066; x_wconf 81' lang='lat' dir='ltr'><strong>siletor‚et</strong></span> 
     </span>
     <span class='ocr_line' id='line_1_9' title="bbox 256 1086 1404 1165; baseline 0 -21"><span class='ocrx_word' id='word_1_102' title='bbox 256 1101 319 1144; x_wconf 83' lang='lat' dir='ltr'><strong>eotn</strong></span> <span class='ocrx_word' id='word_1_103' title='bbox 344 1089 487 1144; x_wconf 83' lang='lat' dir='ltr'><strong>clamant:</strong></span> <span class='ocrx_word' id='word_1_104' title='bbox 516 1086 666 1163; x_wconf 64' lang='lat' dir='ltr'><strong>ceneten,</strong></span> <span class='ocrx_word' id='word_1_105' title='bbox 697 1090 819 1165; x_wconf 75' lang='lat' dir='ltr'><strong>crsclfiqe</strong></span> <span class='ocrx_word' id='word_1_106' title='bbox 847 1092 925 1148; x_wconf 84' lang='lat' dir='ltr'><strong>telem</strong></span> <span class='ocrx_word' id='word_1_107' title='bbox 950 1089 1055 1164; x_wconf 81' lang='lat' dir='ltr'><strong>(loon.</strong></span> <span class='ocrx_word' id='word_1_108' title='bbox 1108 1104 1155 1146; x_wconf 84' lang='lat' dir='ltr'><strong>res</strong></span> <span class='ocrx_word' id='word_1_109' title='bbox 1173 1097 1276 1145; x_wconf 83' lang='lat' dir='ltr'><strong>tanturm</strong></span> <span class='ocrx_word' id='word_1_110' title='bbox 1294 1088 1404 1145; x_wconf 87' lang='lat' dir='ltr'><strong>dicitur.</strong></span> 
     </span>
     <span class='ocr_line' id='line_1_10' title="bbox 257 1181 1910 1256; baseline 0.001 -20"><span class='ocrx_word' id='word_1_111' title='bbox 257 1196 316 1248; x_wconf 78' lang='grc' dir='ltr'><strong>ιιι,</strong></span> <span class='ocrx_word' id='word_1_112' title='bbox 333 1181 373 1254; x_wconf 84' lang='lat'><strong>6).</strong></span> <span class='ocrx_word' id='word_1_113' title='bbox 1144 1182 1178 1237; x_wconf 77' lang='lat' dir='ltr'><strong>lt&#39;t</strong></span> <span class='ocrx_word' id='word_1_114' title='bbox 1192 1184 1278 1237; x_wconf 85' lang='lat' dir='ltr'><strong>mistis</strong></span> <span class='ocrx_word' id='word_1_115' title='bbox 1291 1183 1444 1239; x_wconf 71' lang='lat' dir='ltr'><strong>exercitibus</strong></span> <span class='ocrx_word' id='word_1_116' title='bbox 1456 1184 1528 1250; x_wconf 84' lang='lat' dir='ltr'><strong>suia,</strong></span> <span class='ocrx_word' id='word_1_117' title='bbox 1545 1185 1658 1255; x_wconf 84' lang='lat' dir='ltr'><strong>perdidit</strong></span> <span class='ocrx_word' id='word_1_118' title='bbox 1675 1185 1822 1240; x_wconf 87' lang='lat' dir='ltr'><strong>bomicidns</strong></span> <span class='ocrx_word' id='word_1_119' title='bbox 1836 1184 1910 1256; x_wconf 81' lang='lat' dir='ltr'><strong>illos,</strong></span> 
     </span>
     <span class='ocr_line' id='line_1_11' title="bbox 294 1272 1912 1352; baseline 0.002 -22"><span class='ocrx_word' id='word_1_120' title='bbox 294 1273 371 1346; x_wconf 70' lang='lat' dir='ltr'><strong>(Cant.</strong></span> <span class='ocrx_word' id='word_1_121' title='bbox 382 1272 594 1331; x_wconf 80' lang='lat' dir='ltr'><strong>lllUb-Vcrs.</strong></span> <span class='ocrx_word' id='word_1_122' title='bbox 611 1277 637 1342; x_wconf 86' lang='lat' dir='ltr'><strong>l,</strong></span> <span class='ocrx_word' id='word_1_123' title='bbox 649 1275 691 1349; x_wconf 69' lang='grc' dir='ltr'><strong>Ξ.)</strong></span> <span class='ocrx_word' id='word_1_124' title='bbox 701 1275 1057 1352; x_wconf 80' lang='lat' dir='ltr'><strong>Etceapondensletuaclioit</strong></span> <span class='ocrx_word' id='word_1_125' title='bbox 1108 1286 1132 1331; x_wconf 93' lang='lat' dir='ltr'><strong>et</strong></span> <span class='ocrx_word' id='word_1_126' title='bbox 1146 1277 1273 1332; x_wconf 84' lang='lat' dir='ltr'><strong>ciuitatem</strong></span> <span class='ocrx_word' id='word_1_127' title='bbox 1286 1276 1396 1332; x_wconf 87' lang='lat' dir='ltr'><strong>illoram</strong></span> <span class='ocrx_word' id='word_1_128' title='bbox 1411 1277 1555 1334; x_wconf 81' lang='lat' dir='ltr'><strong>succendit.</strong></span> <span class='ocrx_word' id='word_1_129' title='bbox 1569 1279 1724 1345; x_wconf 77' lang='lat' dir='ltr'><strong>Exercitus,</strong></span> <span class='ocrx_word' id='word_1_130' title='bbox 1740 1295 1789 1335; x_wconf 90' lang='lat' dir='ltr'><strong>seu</strong></span> <span class='ocrx_word' id='word_1_131' title='bbox 1804 1281 1912 1334; x_wconf 85' lang='lat' dir='ltr'><strong>ultores</strong></span> 
     </span>
     <span class='ocr_line' id='line_1_12' title="bbox 257 1365 1911 1442; baseline 0.004 -22"><span class='ocrx_word' id='word_1_132' title='bbox 257 1365 352 1422; x_wconf 87' lang='lat' dir='ltr'><strong>iterum</strong></span> <span class='ocrx_word' id='word_1_133' title='bbox 366 1367 393 1420; x_wconf 88' lang='lat' dir='ltr'><strong>in</strong></span> <span class='ocrx_word' id='word_1_134' title='bbox 410 1367 540 1433; x_wconf 81' lang='lat' dir='ltr'><strong>parobolis</strong></span> <span class='ocrx_word' id='word_1_135' title='bbox 554 1368 601 1433; x_wconf 86' lang='lat' dir='ltr'><strong>eis,</strong></span> <span class='ocrx_word' id='word_1_136' title='bbox 618 1367 727 1424; x_wconf 85' lang='lat' dir='ltr'><strong>dicent:</strong></span> <span class='ocrx_word' id='word_1_137' title='bbox 743 1369 837 1425; x_wconf 90' lang='lat' dir='ltr'><strong>Simile</strong></span> <span class='ocrx_word' id='word_1_138' title='bbox 856 1373 953 1442; x_wconf 70' lang='lat' dir='ltr'><strong>loetum</strong></span> <span class='ocrx_word' id='word_1_139' title='bbox 965 1380 1003 1426; x_wconf 87' lang='lat' dir='ltr'><strong>est</strong></span> <span class='ocrx_word' id='word_1_140' title='bbox 1017 1388 1059 1427; x_wconf 84' lang='lat' dir='ltr'><strong>re·</strong></span> <span class='ocrx_word' id='word_1_141' title='bbox 1108 1368 1231 1440; x_wconf 75' lang='lat' dir='ltr'><strong>attgelos,</strong></span> <span class='ocrx_word' id='word_1_142' title='bbox 1242 1369 1276 1425; x_wconf 90' lang='lat' dir='ltr'><strong>tlc</strong></span> <span class='ocrx_word' id='word_1_143' title='bbox 1287 1371 1384 1439; x_wconf 87' lang='lat' dir='ltr'><strong>quibos</strong></span> <span class='ocrx_word' id='word_1_144' title='bbox 1396 1371 1421 1423; x_wconf 89' lang='lat' dir='ltr'><strong>in</strong></span> <span class='ocrx_word' id='word_1_145' title='bbox 1438 1370 1557 1426; x_wconf 76' lang='lat' dir='ltr'><strong>Psalmis</strong></span> <span class='ocrx_word' id='word_1_146' title='bbox 1571 1371 1716 1427; x_wconf 80' lang='lat' dir='ltr'><strong>scribitur:</strong></span> <span class='ocrx_word' id='word_1_147' title='bbox 1730 1370 1911 1426; x_wconf 81' lang='lat' dir='ltr'><strong>litantissioncs</strong></span> 
     </span>
     <span class='ocr_line' id='line_1_13' title="bbox 257 1460 1909 1539; baseline 0.005 -26"><span class='ocrx_word' id='word_1_148' title='bbox 257 1474 338 1531; x_wconf 84' lang='lat' dir='ltr'><strong>qaum</strong></span> <span class='ocrx_word' id='word_1_149' title='bbox 351 1461 472 1514; x_wconf 82' lang='lat' dir='ltr'><strong>celorum</strong></span> <span class='ocrx_word' id='word_1_150' title='bbox 489 1460 587 1514; x_wconf 89' lang='lat' dir='ltr'><strong>bomini</strong></span> <span class='ocrx_word' id='word_1_151' title='bbox 601 1461 666 1533; x_wconf 84' lang='lat' dir='ltr'><strong>cepi,</strong></span> <span class='ocrx_word' id='word_1_152' title='bbox 682 1463 727 1532; x_wconf 90' lang='lat' dir='ltr'><strong>qui</strong></span> <span class='ocrx_word' id='word_1_153' title='bbox 740 1463 800 1533; x_wconf 75' lang='lat' dir='ltr'><strong>fecit</strong></span> <span class='ocrx_word' id='word_1_154' title='bbox 812 1464 914 1537; x_wconf 86' lang='lat' dir='ltr'><strong>nttptias</strong></span> <span class='ocrx_word' id='word_1_155' title='bbox 930 1464 985 1534; x_wconf 78' lang='lat' dir='ltr'><strong>filio</strong></span> <span class='ocrx_word' id='word_1_156' title='bbox 998 1481 1056 1518; x_wconf 88' lang='lat' dir='ltr'><strong>auo.</strong></span> <span class='ocrx_word' id='word_1_157' title='bbox 1108 1479 1154 1533; x_wconf 82' lang='lat' dir='ltr'><strong>pet</strong></span> <span class='ocrx_word' id='word_1_158' title='bbox 1172 1464 1279 1536; x_wconf 78' lang='lat' dir='ltr'><strong>nrrqeios</strong></span> <span class='ocrx_word' id='word_1_159' title='bbox 1298 1467 1420 1535; x_wconf 82' lang='lat' dir='ltr'><strong>pessimos</strong></span> <span class='ocrx_word' id='word_1_160' title='bbox 1435 1463 1491 1538; x_wconf 85' lang='lat' dir='ltr'><strong>[lli.</strong></span> <span class='ocrx_word' id='word_1_161' title='bbox 1508 1464 1600 1538; x_wconf 75' lang='lat' dir='ltr'><strong>melosi</strong></span> <span class='ocrx_word' id='word_1_162' title='bbox 1620 1465 1710 1534; x_wconf 84' lang='lat' dir='ltr'><strong>(Ptol.</strong></span> <span class='ocrx_word' id='word_1_163' title='bbox 1726 1482 1833 1532; x_wconf 80' lang='grc' dir='ltr'><strong>ιιιιιι,</strong></span> <span class='ocrx_word' id='word_1_164' title='bbox 1848 1467 1909 1539; x_wconf 70' lang='lat' dir='ltr'><strong>tob</strong></span> 
     </span>
     <span class='ocr_line' id='line_1_14' title="bbox 257 1551 1992 1641; baseline 0.003 -33"><span class='ocrx_word' id='word_1_165' title='bbox 257 1551 389 1609; x_wconf 83' lang='lat' dir='ltr'><strong>Pbarisasi</strong></span> <span class='ocrx_word' id='word_1_166' title='bbox 412 1553 599 1624; x_wconf 68' lang='lat' dir='ltr'><strong>intelligentes</strong></span> <span class='ocrx_word' id='word_1_167' title='bbox 610 1555 644 1610; x_wconf 91' lang='lat' dir='ltr'><strong>de</strong></span> <span class='ocrx_word' id='word_1_168' title='bbox 663 1570 694 1609; x_wconf 87' lang='lat' dir='ltr'><strong>se</strong></span> <span class='ocrx_word' id='word_1_169' title='bbox 707 1554 762 1611; x_wconf 88' lang='lat' dir='ltr'><strong>diei</strong></span> <span class='ocrx_word' id='word_1_170' title='bbox 784 1556 939 1626; x_wconf 85' lang='lat' dir='ltr'><strong>parabolas,</strong></span> <span class='ocrx_word' id='word_1_171' title='bbox 954 1573 1060 1629; x_wconf 79' lang='lat' dir='ltr'><strong>qttmre-</strong></span> <span class='ocrx_word' id='word_1_172' title='bbox 1108 1570 1156 1612; x_wconf 87' lang='lat' dir='ltr'><strong>seo</strong></span> <span class='ocrx_word' id='word_1_173' title='bbox 1172 1557 1334 1612; x_wconf 68' lang='lat' dir='ltr'><strong>bonnnannse</strong></span> <span class='ocrx_word' id='word_1_174' title='bbox 1351 1555 1607 1624; x_wconf 74' lang='lat' dir='ltr'><strong>irrteliieantos‚strb</strong></span> <span class='ocrx_word' id='word_1_175' title='bbox 1619 1559 1690 1614; x_wconf 83' lang='lat' dir='ltr'><strong>doec</strong></span> <span class='ocrx_word' id='word_1_176' title='bbox 1702 1558 1872 1629; x_wconf 77' lang='lat' dir='ltr'><strong>Vespasiano</strong></span> <span class='ocrx_word' id='word_1_177' title='bbox 1885 1570 1913 1615; x_wconf 89' lang='lat' dir='ltr'><strong>et</strong></span> <span class='ocrx_word' id='word_1_178' title='bbox 1991 1620 1992 1641; x_wconf 14' lang='grc' dir='ltr'>χ</span> 
     </span>
     <span class='ocr_line' id='line_1_15' title="bbox 257 1643 1912 1724; baseline 0.001 -20"><span class='ocrx_word' id='word_1_179' title='bbox 257 1643 326 1704; x_wconf 77' lang='lat' dir='ltr'><strong>boot</strong></span> <span class='ocrx_word' id='word_1_180' title='bbox 348 1661 410 1701; x_wconf 88' lang='lat' dir='ltr'><strong>eum</strong></span> <span class='ocrx_word' id='word_1_181' title='bbox 437 1655 531 1702; x_wconf 80' lang='lat' dir='ltr'><strong>tencre</strong></span> <span class='ocrx_word' id='word_1_182' title='bbox 550 1657 579 1702; x_wconf 91' lang='lat' dir='ltr'><strong>et</strong></span> <span class='ocrx_word' id='word_1_183' title='bbox 593 1646 731 1706; x_wconf 88' lang='lat' dir='ltr'><strong>occidere.</strong></span> <span class='ocrx_word' id='word_1_184' title='bbox 752 1649 828 1704; x_wconf 86' lang='lat' dir='ltr'><strong>lione</strong></span> <span class='ocrx_word' id='word_1_185' title='bbox 849 1665 945 1706; x_wconf 90' lang='lat' dir='ltr'><strong>eorum</strong></span> <span class='ocrx_word' id='word_1_186' title='bbox 966 1653 1058 1708; x_wconf 87' lang='lat' dir='ltr'><strong>sciens</strong></span> <span class='ocrx_word' id='word_1_187' title='bbox 1109 1649 1191 1718; x_wconf 84' lang='lat' dir='ltr'><strong>Tito,</strong></span> <span class='ocrx_word' id='word_1_188' title='bbox 1208 1651 1253 1720; x_wconf 84' lang='lat' dir='ltr'><strong>qui</strong></span> <span class='ocrx_word' id='word_1_189' title='bbox 1268 1652 1366 1706; x_wconf 88' lang='lat' dir='ltr'><strong>occisis</strong></span> <span class='ocrx_word' id='word_1_190' title='bbox 1388 1651 1491 1707; x_wconf 78' lang='lat' dir='ltr'><strong>ludmae</strong></span> <span class='ocrx_word' id='word_1_191' title='bbox 1516 1652 1638 1723; x_wconf 83' lang='lat' dir='ltr'><strong>populis,</strong></span> <span class='ocrx_word' id='word_1_192' title='bbox 1659 1653 1912 1724; x_wconf 68' lang='lat' dir='ltr'><strong>prevaricatricem</strong></span> 
     </span>
     <span class='ocr_line' id='line_1_16' title="bbox 258 1736 1992 1817; baseline 0.005 -24"><span class='ocrx_word' id='word_1_193' title='bbox 258 1736 391 1796; x_wconf 80' lang='lat' dir='ltr'><strong>Dentibus</strong></span> <span class='ocrx_word' id='word_1_194' title='bbox 405 1739 589 1807; x_wconf 79' lang='lat' dir='ltr'><strong>volontatem,</strong></span> <span class='ocrx_word' id='word_1_195' title='bbox 606 1741 784 1798; x_wconf 89' lang='lat' dir='ltr'><strong>nibilominus</strong></span> <span class='ocrx_word' id='word_1_196' title='bbox 806 1744 928 1817; x_wconf 83' lang='lat' dir='ltr'><strong>increpat</strong></span> <span class='ocrx_word' id='word_1_197' title='bbox 943 1747 1056 1802; x_wconf 82' lang='lat' dir='ltr'><strong>srenieo·</strong></span> <span class='ocrx_word' id='word_1_198' title='bbox 1109 1743 1299 1800; x_wconf 82' lang='lat' dir='ltr'><strong>succenderint</strong></span> <span class='ocrx_word' id='word_1_199' title='bbox 1313 1743 1465 1800; x_wconf 82' lang='lat' dir='ltr'><strong>eisitatem.</strong></span> <span class='ocrx_word' id='word_1_200' title='bbox 1991 1802 1992 1815; x_wconf 23' lang='lat' dir='ltr'><strong>q</strong></span> 
     </span>
     <span class='ocr_line' id='line_1_17' title="bbox 259 1829 1993 1909; baseline -0.001 -19"><span class='ocrx_word' id='word_1_201' title='bbox 259 1841 313 1899; x_wconf 80' lang='lat' dir='ltr'><strong>tes,</strong></span> <span class='ocrx_word' id='word_1_202' title='bbox 330 1848 380 1889; x_wconf 87' lang='lat' dir='ltr'><strong>nee</strong></span> <span class='ocrx_word' id='word_1_203' title='bbox 400 1833 497 1891; x_wconf 90' lang='lat' dir='ltr'><strong>timore</strong></span> <span class='ocrx_word' id='word_1_204' title='bbox 510 1843 665 1904; x_wconf 80' lang='lat' dir='ltr'><strong>superabar,</strong></span> <span class='ocrx_word' id='word_1_205' title='bbox 679 1851 732 1906; x_wconf 91' lang='lat' dir='ltr'><strong>quo</strong></span> <span class='ocrx_word' id='word_1_206' title='bbox 749 1838 837 1892; x_wconf 81' lang='lat' dir='ltr'><strong>tutinus</strong></span> <span class='ocrx_word' id='word_1_207' title='bbox 852 1848 946 1908; x_wconf 82' lang='lat' dir='ltr'><strong>arqoat</strong></span> <span class='ocrx_word' id='word_1_208' title='bbox 960 1853 1057 1907; x_wconf 87' lang='lat' dir='ltr'><strong>pecca-</strong></span> <span class='ocrx_word' id='word_1_209' title='bbox 1072 1829 1097 1890; x_wconf 86' lang='lat' dir='ltr'>B</span> <span class='ocrx_word' id='word_1_210' title='bbox 1145 1836 1236 1906; x_wconf 75' lang='lat' dir='ltr'><strong>(bers.</strong></span> <span class='ocrx_word' id='word_1_211' title='bbox 1248 1838 1265 1892; x_wconf 87' lang='lat'>8</span> <span class='ocrx_word' id='word_1_212' title='bbox 1276 1838 1366 1908; x_wconf 86' lang='lat' dir='ltr'><strong>seqq.)</strong></span> <span class='ocrx_word' id='word_1_213' title='bbox 1378 1835 1451 1890; x_wconf 79' lang='lat' dir='ltr'><strong>lunc</strong></span> <span class='ocrx_word' id='word_1_214' title='bbox 1461 1839 1498 1891; x_wconf 88' lang='lat' dir='ltr'><strong>nit</strong></span> <span class='ocrx_word' id='word_1_215' title='bbox 1508 1837 1587 1892; x_wconf 83' lang='lat' dir='ltr'><strong>aereis</strong></span> <span class='ocrx_word' id='word_1_216' title='bbox 1600 1839 1671 1893; x_wconf 85' lang='lat' dir='ltr'><strong>auia:</strong></span> <span class='ocrx_word' id='word_1_217' title='bbox 1684 1837 1791 1908; x_wconf 78' lang='lat' dir='ltr'><strong>ri&#39;uptice</strong></span> <span class='ocrx_word' id='word_1_218' title='bbox 1801 1837 1908 1909; x_wconf 85' lang='lat' dir='ltr'><strong>quidem</strong></span> <span class='ocrx_word' id='word_1_219' title='bbox 1992 1874 1993 1907; x_wconf 46' lang='lat' dir='ltr'><strong>r</strong></span> 
     </span>
     <span class='ocr_line' id='line_1_18' title="bbox 260 1925 1910 2003; baseline -0.001 -21"><span class='ocrx_word' id='word_1_220' title='bbox 260 1933 343 1983; x_wconf 76' lang='lat' dir='ltr'><strong>iores·</strong></span> <span class='ocrx_word' id='word_1_221' title='bbox 360 1925 374 1966; x_wconf 73' lang='lat' dir='ltr'>b</span> <span class='ocrx_word' id='word_1_222' title='bbox 391 1927 449 1983; x_wconf 79' lang='lat' dir='ltr'><strong>Rex</strong></span> <span class='ocrx_word' id='word_1_223' title='bbox 473 1927 524 1982; x_wconf 85' lang='lat' dir='ltr'><strong>iste</strong></span> <span class='ocrx_word' id='word_1_224' title='bbox 544 1929 589 1998; x_wconf 92' lang='lat' dir='ltr'><strong>qui</strong></span> <span class='ocrx_word' id='word_1_225' title='bbox 614 1928 682 1984; x_wconf 87' lang='lat' dir='ltr'><strong>lecit</strong></span> <span class='ocrx_word' id='word_1_226' title='bbox 704 1931 813 2003; x_wconf 85' lang='lat' dir='ltr'><strong>nuptias</strong></span> <span class='ocrx_word' id='word_1_227' title='bbox 833 1930 889 1986; x_wconf 84' lang='lat' dir='ltr'><strong>ttttn</strong></span> <span class='ocrx_word' id='word_1_228' title='bbox 904 1947 972 1998; x_wconf 86' lang='lat' dir='ltr'><strong>suo,</strong></span> <span class='ocrx_word' id='word_1_229' title='bbox 989 1933 1058 1988; x_wconf 85' lang='lat' dir='ltr'><strong>Deos</strong></span> <span class='ocrx_word' id='word_1_230' title='bbox 1109 1939 1208 2001; x_wconf 79' lang='lat' dir='ltr'><strong>parntis</strong></span> <span class='ocrx_word' id='word_1_231' title='bbox 1220 1929 1357 1996; x_wconf 83' lang='lat' dir='ltr'><strong>surrt;aed</strong></span> <span class='ocrx_word' id='word_1_232' title='bbox 1370 1929 1413 1999; x_wconf 85' lang='lat' dir='ltr'><strong>qui</strong></span> <span class='ocrx_word' id='word_1_233' title='bbox 1431 1929 1532 1984; x_wconf 85' lang='lat' dir='ltr'><strong>inuitati</strong></span> <span class='ocrx_word' id='word_1_234' title='bbox 1553 1939 1626 1984; x_wconf 78' lang='lat' dir='ltr'><strong>ernau</strong></span> <span class='ocrx_word' id='word_1_235' title='bbox 1641 1947 1693 1984; x_wconf 90' lang='lat' dir='ltr'><strong>non</strong></span> <span class='ocrx_word' id='word_1_236' title='bbox 1709 1931 1813 2002; x_wconf 72' lang='lat' dir='ltr'><strong>[umam</strong></span> <span class='ocrx_word' id='word_1_237' title='bbox 1827 1929 1910 1999; x_wconf 83' lang='lat' dir='ltr'><strong>diqni.</strong></span> 
     </span>
     <span class='ocr_line' id='line_1_19' title="bbox 258 2020 1993 2095; baseline 0.002 -19"><span class='ocrx_word' id='word_1_238' title='bbox 258 2023 433 2090; x_wconf 83' lang='lat' dir='ltr'><strong>omnipotens</strong></span> <span class='ocrx_word' id='word_1_239' title='bbox 446 2030 498 2076; x_wconf 89' lang='lat' dir='ltr'><strong>est.</strong></span> <span class='ocrx_word' id='word_1_240' title='bbox 511 2021 693 2079; x_wconf 76' lang='lat' dir='ltr'><strong>latitantem</strong></span> <span class='ocrx_word' id='word_1_241' title='bbox 708 2025 816 2095; x_wconf 90' lang='lat' dir='ltr'><strong>nuptias</strong></span> <span class='ocrx_word' id='word_1_242' title='bbox 836 2024 951 2080; x_wconf 83' lang='lat' dir='ltr'><strong>Domino</strong></span> <span class='ocrx_word' id='word_1_243' title='bbox 964 2035 1059 2082; x_wconf 90' lang='lat' dir='ltr'><strong>nostro</strong></span> <span class='ocrx_word' id='word_1_244' title='bbox 1110 2020 1152 2076; x_wconf 91' lang='lat' dir='ltr'><strong>lte</strong></span> <span class='ocrx_word' id='word_1_245' title='bbox 1165 2037 1226 2092; x_wconf 80' lang='lat' dir='ltr'><strong>erpo</strong></span> <span class='ocrx_word' id='word_1_246' title='bbox 1240 2021 1274 2076; x_wconf 88' lang='lat' dir='ltr'><strong>nd</strong></span> <span class='ocrx_word' id='word_1_247' title='bbox 1288 2023 1372 2075; x_wconf 71' lang='lat' dir='ltr'><strong>caitus</strong></span> <span class='ocrx_word' id='word_1_248' title='bbox 1390 2022 1505 2088; x_wconf 80' lang='lat' dir='ltr'><strong>ciorum,</strong></span> <span class='ocrx_word' id='word_1_249' title='bbox 1523 2031 1546 2077; x_wconf 90' lang='lat' dir='ltr'><strong>et</strong></span> <span class='ocrx_word' id='word_1_250' title='bbox 1560 2039 1736 2093; x_wconf 75' lang='lat' dir='ltr'><strong>ettotcttotutte</strong></span> <span class='ocrx_word' id='word_1_251' title='bbox 1749 2023 1911 2090; x_wconf 64' lang='lat' dir='ltr'><strong>intuleritis,</strong></span> <span class='ocrx_word' id='word_1_252' title='bbox 1992 2058 1993 2079; x_wconf 41' lang='lat' dir='ltr'><strong>r</strong></span> 
     </span>
     <span class='ocr_line' id='line_1_20' title="bbox 258 2100 1993 2191; baseline 0 -21"><span class='ocrx_word' id='word_1_253' title='bbox 258 2112 322 2171; x_wconf 85' lang='lat' dir='ltr'><strong>lesu</strong></span> <span class='ocrx_word' id='word_1_254' title='bbox 337 2111 448 2170; x_wconf 88' lang='lat' dir='ltr'><strong>Cbristo</strong></span> <span class='ocrx_word' id='word_1_255' title='bbox 463 2123 491 2170; x_wconf 88' lang='lat' dir='ltr'><strong>ct</strong></span> <span class='ocrx_word' id='word_1_256' title='bbox 506 2113 648 2180; x_wconf 78' lang='lat' dir='ltr'><strong>Ecclesioe,</strong></span> <span class='ocrx_word' id='word_1_257' title='bbox 665 2130 726 2187; x_wconf 77' lang='lat' dir='ltr'><strong>quae</strong></span> <span class='ocrx_word' id='word_1_258' title='bbox 737 2125 792 2172; x_wconf 87' lang='lat' dir='ltr'><strong>tunt</strong></span> <span class='ocrx_word' id='word_1_259' title='bbox 807 2131 841 2172; x_wconf 84' lang='lat' dir='ltr'><strong>ex</strong></span> <span class='ocrx_word' id='word_1_260' title='bbox 851 2114 963 2184; x_wconf 57' lang='lat' dir='ltr'><strong>ludaeis,</strong></span> <span class='ocrx_word' id='word_1_261' title='bbox 978 2133 1059 2190; x_wconf 87' lang='lat' dir='ltr'><strong>qoam</strong></span> <span class='ocrx_word' id='word_1_262' title='bbox 1110 2127 1197 2171; x_wconf 84' lang='lat' dir='ltr'><strong>nocete</strong></span> <span class='ocrx_word' id='word_1_263' title='bbox 1215 2116 1249 2170; x_wconf 90' lang='lat' dir='ltr'><strong>nd</strong></span> <span class='ocrx_word' id='word_1_264' title='bbox 1271 2117 1385 2186; x_wconf 81' lang='lat' dir='ltr'><strong>nuptias.</strong></span> <span class='ocrx_word' id='word_1_265' title='bbox 1408 2115 1443 2170; x_wconf 82' lang='lat' dir='ltr'><strong>Et</strong></span> <span class='ocrx_word' id='word_1_266' title='bbox 1457 2119 1554 2191; x_wconf 82' lang='lat' dir='ltr'><strong>epresai</strong></span> <span class='ocrx_word' id='word_1_267' title='bbox 1568 2117 1633 2172; x_wconf 81' lang='lat' dir='ltr'><strong>aerei</strong></span> <span class='ocrx_word' id='word_1_268' title='bbox 1655 2116 1835 2190; x_wconf 64' lang='lat' dir='ltr'><strong>elutriatum,</strong></span> <span class='ocrx_word' id='word_1_269' title='bbox 1853 2133 1914 2169; x_wconf 89' lang='lat' dir='ltr'><strong>cort·</strong></span> <span class='ocrx_word' id='word_1_270' title='bbox 1992 2100 1993 2143; x_wconf 61' lang='lat'>³</span> 
     </span>
     <span class='ocr_line' id='line_1_21' title="bbox 259 2207 1913 2281; baseline -0.004 -15"><span class='ocrx_word' id='word_1_271' title='bbox 259 2220 294 2266; x_wconf 82' lang='lat' dir='ltr'><strong>es</strong></span> <span class='ocrx_word' id='word_1_272' title='bbox 308 2207 447 2279; x_wconf 74' lang='lat' dir='ltr'><strong>pentibus,</strong></span> <span class='ocrx_word' id='word_1_273' title='bbox 461 2214 625 2278; x_wconf 78' lang='lat' dir='ltr'><strong>congregata</strong></span> <span class='ocrx_word' id='word_1_274' title='bbox 642 2216 694 2264; x_wconf 87' lang='lat' dir='ltr'><strong>est.</strong></span> <span class='ocrx_word' id='word_1_275' title='bbox 1110 2219 1280 2281; x_wconf 73' lang='lat' dir='ltr'><strong>prepararent</strong></span> <span class='ocrx_word' id='word_1_276' title='bbox 1295 2224 1383 2263; x_wconf 86' lang='lat' dir='ltr'><strong>omncs</strong></span> <span class='ocrx_word' id='word_1_277' title='bbox 1396 2224 1461 2277; x_wconf 86' lang='lat' dir='ltr'><strong>quos</strong></span> <span class='ocrx_word' id='word_1_278' title='bbox 1474 2209 1637 2278; x_wconf 84' lang='lat' dir='ltr'><strong>inuenerunt,</strong></span> <span class='ocrx_word' id='word_1_279' title='bbox 1648 2208 1731 2263; x_wconf 83' lang='lat' dir='ltr'><strong>molor</strong></span> <span class='ocrx_word' id='word_1_280' title='bbox 1744 2215 1767 2260; x_wconf 84' lang='lat' dir='ltr'><strong>et</strong></span> <span class='ocrx_word' id='word_1_281' title='bbox 1783 2210 1876 2272; x_wconf 78' lang='lat' dir='ltr'><strong>lenos,</strong></span> <span class='ocrx_word' id='word_1_282' title='bbox 1886 2217 1913 2260; x_wconf 90' lang='lat' dir='ltr'><strong>et</strong></span> 
     </span>
     <span class='ocr_line' id='line_1_22' title="bbox 296 2298 1994 2372; baseline -0.002 -17"><span class='ocrx_word' id='word_1_283' title='bbox 296 2298 388 2372; x_wconf 76' lang='lat' dir='ltr'><strong>(lero.</strong></span> <span class='ocrx_word' id='word_1_284' title='bbox 403 2298 443 2371; x_wconf 77' lang='lat'><strong>5.)</strong></span> <span class='ocrx_word' id='word_1_285' title='bbox 458 2298 1060 2358; x_wconf 76' lang='lat' dir='ltr'><strong>Etmiaitaeceumauumoocercineitctoand</strong></span> <span class='ocrx_word' id='word_1_286' title='bbox 1110 2299 1812 2369; x_wconf 79' lang='lat' dir='ltr'><strong>impletesuntnuptie·discumbentium.Gentilium</strong></span> <span class='ocrx_word' id='word_1_287' title='bbox 1825 2313 1913 2370; x_wconf 86' lang='lat' dir='ltr'><strong>popu·</strong></span> <span class='ocrx_word' id='word_1_288' title='bbox 1993 2306 1994 2309; x_wconf 75' lang='grc'>’</span> 
     </span>
     <span class='ocr_line' id='line_1_23' title="bbox 259 2391 1912 2468; baseline -0.001 -20"><span class='ocrx_word' id='word_1_289' title='bbox 259 2391 726 2466; x_wconf 83' lang='lat' dir='ltr'><strong>nuptias,ctnolclrnntoenire.flatrd</strong></span> <span class='ocrx_word' id='word_1_290' title='bbox 736 2393 847 2450; x_wconf 91' lang='lat' dir='ltr'><strong>dobiutn</strong></span> <span class='ocrx_word' id='word_1_291' title='bbox 861 2397 926 2467; x_wconf 91' lang='lat' dir='ltr'><strong>qttin</strong></span> <span class='ocrx_word' id='word_1_292' title='bbox 936 2396 1058 2468; x_wconf 86' lang='lat' dir='ltr'><strong>lloysen,</strong></span> <span class='ocrx_word' id='word_1_293' title='bbox 1112 2395 1153 2450; x_wconf 90' lang='lat' dir='ltr'><strong>ltts</strong></span> <span class='ocrx_word' id='word_1_294' title='bbox 1167 2411 1222 2450; x_wconf 84' lang='lat' dir='ltr'><strong>nort</strong></span> <span class='ocrx_word' id='word_1_295' title='bbox 1236 2405 1295 2450; x_wconf 89' lang='lat' dir='ltr'><strong>erat</strong></span> <span class='ocrx_word' id='word_1_296' title='bbox 1310 2398 1335 2449; x_wconf 91' lang='lat' dir='ltr'><strong>io</strong></span> <span class='ocrx_word' id='word_1_297' title='bbox 1351 2396 1414 2456; x_wconf 86' lang='lat' dir='ltr'><strong>uiis.</strong></span> <span class='ocrx_word' id='word_1_298' title='bbox 1429 2395 1477 2450; x_wconf 88' lang='lat' dir='ltr'><strong>sed</strong></span> <span class='ocrx_word' id='word_1_299' title='bbox 1493 2395 1519 2450; x_wconf 90' lang='lat' dir='ltr'><strong>io</strong></span> <span class='ocrx_word' id='word_1_300' title='bbox 1537 2395 1656 2451; x_wconf 82' lang='lat' dir='ltr'><strong>exitibus</strong></span> <span class='ocrx_word' id='word_1_301' title='bbox 1671 2395 1787 2449; x_wconf 82' lang='lat' dir='ltr'><strong>viarum.</strong></span> <span class='ocrx_word' id='word_1_302' title='bbox 1803 2391 1912 2460; x_wconf 83' lang='lat' dir='ltr'><strong>Qtraeri·</strong></span> 
     </span>
     <span class='ocr_line' id='line_1_24' title="bbox 260 2483 1914 2558; baseline -0.002 -16"><span class='ocrx_word' id='word_1_303' title='bbox 260 2499 403 2558; x_wconf 85' lang='lat' dir='ltr'><strong>perquem</strong></span> <span class='ocrx_word' id='word_1_304' title='bbox 423 2483 522 2556; x_wconf 78' lang='lat' dir='ltr'><strong>Legem</strong></span> <span class='ocrx_word' id='word_1_305' title='bbox 546 2485 668 2542; x_wconf 83' lang='lat' dir='ltr'><strong>inuitatis</strong></span> <span class='ocrx_word' id='word_1_306' title='bbox 688 2486 773 2541; x_wconf 85' lang='lat' dir='ltr'><strong>dedit.</strong></span> <span class='ocrx_word' id='word_1_307' title='bbox 789 2487 817 2544; x_wconf 90' lang='lat' dir='ltr'><strong>Si</strong></span> <span class='ocrx_word' id='word_1_308' title='bbox 835 2497 926 2543; x_wconf 79' lang='lat' dir='ltr'><strong>nartem</strong></span> <span class='ocrx_word' id='word_1_309' title='bbox 941 2500 952 2526; x_wconf 71' lang='grc' dir='ltr'><strong>ι</strong></span> <span class='ocrx_word' id='word_1_310' title='bbox 966 2505 1061 2545; x_wconf 83' lang='lat' dir='ltr'><strong>servos</strong></span> <span class='ocrx_word' id='word_1_311' title='bbox 1112 2496 1156 2542; x_wconf 92' lang='lat' dir='ltr'><strong>tor</strong></span> <span class='ocrx_word' id='word_1_312' title='bbox 1182 2497 1274 2543; x_wconf 88' lang='lat' dir='ltr'><strong>autern</strong></span> <span class='ocrx_word' id='word_1_313' title='bbox 1293 2485 1431 2557; x_wconf 88' lang='lat' dir='ltr'><strong>quomodo</strong></span> <span class='ocrx_word' id='word_1_314' title='bbox 1453 2486 1481 2542; x_wconf 91' lang='lat' dir='ltr'><strong>io</strong></span> <span class='ocrx_word' id='word_1_315' title='bbox 1506 2487 1548 2541; x_wconf 85' lang='lat' dir='ltr'><strong>bis</strong></span> <span class='ocrx_word' id='word_1_316' title='bbox 1573 2487 1620 2556; x_wconf 93' lang='lat' dir='ltr'><strong>qui</strong></span> <span class='ocrx_word' id='word_1_317' title='bbox 1645 2485 1713 2540; x_wconf 93' lang='lat' dir='ltr'><strong>loris</strong></span> <span class='ocrx_word' id='word_1_318' title='bbox 1735 2495 1812 2541; x_wconf 84' lang='lat' dir='ltr'><strong>erant</strong></span> <span class='ocrx_word' id='word_1_319' title='bbox 1838 2486 1914 2538; x_wconf 91' lang='lat' dir='ltr'><strong>inter</strong></span> 
     </span>
     <span class='ocr_line' id='line_1_25' title="bbox 259 2577 1916 2651; baseline 0.001 -18"><span class='ocrx_word' id='word_1_320' title='bbox 259 2577 416 2648; x_wconf 67' lang='lat' dir='ltr'><strong>legerimus,</strong></span> <span class='ocrx_word' id='word_1_321' title='bbox 440 2587 470 2633; x_wconf 90' lang='lat' dir='ltr'><strong>ot</strong></span> <span class='ocrx_word' id='word_1_322' title='bbox 495 2577 623 2649; x_wconf 90' lang='lat' dir='ltr'><strong>pleraque</strong></span> <span class='ocrx_word' id='word_1_323' title='bbox 639 2577 742 2634; x_wconf 86' lang='lat' dir='ltr'><strong>babent</strong></span> <span class='ocrx_word' id='word_1_324' title='bbox 754 2580 933 2650; x_wconf 76' lang='lat' dir='ltr'><strong>exemplaria,</strong></span> <span class='ocrx_word' id='word_1_325' title='bbox 949 2581 981 2636; x_wconf 89' lang='lat' dir='ltr'><strong>ad</strong></span> <span class='ocrx_word' id='word_1_326' title='bbox 998 2597 1061 2651; x_wconf 88' lang='lat' dir='ltr'><strong>pro·</strong></span> <span class='ocrx_word' id='word_1_327' title='bbox 1111 2581 1208 2649; x_wconf 68' lang='lat' dir='ltr'><strong>malos,</strong></span> <span class='ocrx_word' id='word_1_328' title='bbox 1221 2581 1324 2638; x_wconf 87' lang='lat' dir='ltr'><strong>etltoni</strong></span> <span class='ocrx_word' id='word_1_329' title='bbox 1337 2581 1421 2651; x_wconf 86' lang='lat' dir='ltr'><strong>aliqui</strong></span> <span class='ocrx_word' id='word_1_330' title='bbox 1432 2581 1619 2650; x_wconf 88' lang='lat' dir='ltr'><strong>sintrepertil</strong></span> <span class='ocrx_word' id='word_1_331' title='bbox 1632 2580 1709 2635; x_wconf 80' lang='lat' dir='ltr'><strong>llorm</strong></span> <span class='ocrx_word' id='word_1_332' title='bbox 1722 2579 1812 2636; x_wconf 90' lang='lat' dir='ltr'><strong>locum</strong></span> <span class='ocrx_word' id='word_1_333' title='bbox 1829 2577 1840 2616; x_wconf 71' lang='lat' dir='ltr'><strong>i</strong></span> <span class='ocrx_word' id='word_1_334' title='bbox 1857 2580 1916 2648; x_wconf 91' lang='lat' dir='ltr'><strong>ple·</strong></span> 
     </span>
     <span class='ocr_line' id='line_1_26' title="bbox 259 2670 1914 2748; baseline -0.003 -20"><span class='ocrx_word' id='word_1_335' title='bbox 259 2673 358 2745; x_wconf 88' lang='lat' dir='ltr'><strong>pltetas</strong></span> <span class='ocrx_word' id='word_1_336' title='bbox 370 2673 545 2730; x_wconf 82' lang='lat' dir='ltr'><strong>referendum</strong></span> <span class='ocrx_word' id='word_1_337' title='bbox 559 2686 600 2730; x_wconf 84' lang='lat' dir='ltr'><strong>eat</strong></span> <span class='ocrx_word' id='word_1_338' title='bbox 613 2716 621 2741; x_wconf 95' lang='lat'>‚</span> <span class='ocrx_word' id='word_1_339' title='bbox 636 2675 708 2748; x_wconf 90' lang='lat' dir='ltr'><strong>qood</strong></span> <span class='ocrx_word' id='word_1_340' title='bbox 721 2674 827 2732; x_wconf 84' lang='lat' dir='ltr'><strong>invitati</strong></span> <span class='ocrx_word' id='word_1_341' title='bbox 843 2691 891 2748; x_wconf 86' lang='lat' dir='ltr'><strong>per</strong></span> <span class='ocrx_word' id='word_1_342' title='bbox 905 2690 953 2730; x_wconf 87' lang='lat' dir='ltr'><strong>eos</strong></span> <span class='ocrx_word' id='word_1_343' title='bbox 965 2678 1060 2732; x_wconf 79' lang='lat' dir='ltr'><strong>venire</strong></span> <span class='ocrx_word' id='word_1_344' title='bbox 1111 2675 1172 2730; x_wconf 91' lang='lat' dir='ltr'><strong>oitts</strong></span> <span class='ocrx_word' id='word_1_345' title='bbox 1186 2683 1284 2729; x_wconf 85' lang='lat' dir='ltr'><strong>tractat</strong></span> <span class='ocrx_word' id='word_1_346' title='bbox 1304 2673 1451 2742; x_wconf 82' lang='lat' dir='ltr'><strong>llpmtolos</strong></span> <span class='ocrx_word' id='word_1_347' title='bbox 1467 2671 1501 2728; x_wconf 88' lang='lat' dir='ltr'><strong>ad</strong></span> <span class='ocrx_word' id='word_1_348' title='bbox 1517 2672 1656 2728; x_wconf 84' lang='lat' dir='ltr'><strong>Romanos</strong></span> <span class='ocrx_word' id='word_1_349' title='bbox 1675 2671 1730 2745; x_wconf 80' lang='lat' dir='ltr'><strong>[at.</strong></span> <span class='ocrx_word' id='word_1_350' title='bbox 1746 2670 1854 2726; x_wconf 87' lang='lat' dir='ltr'><strong>additur</strong></span> <span class='ocrx_word' id='word_1_351' title='bbox 1869 2671 1914 2724; x_wconf 91' lang='lat' dir='ltr'><strong>di·</strong></span> 
     </span>
     <span class='ocr_line' id='line_1_27' title="bbox 261 2761 1915 2842; baseline -0.005 -17"><span class='ocrx_word' id='word_1_352' title='bbox 261 2769 488 2838; x_wconf 86' lang='lat' dir='ltr'><strong>contempserint.</strong></span> <span class='ocrx_word' id='word_1_353' title='bbox 1110 2767 1188 2842; x_wconf 81' lang='lat' dir='ltr'><strong>cerus]</strong></span> <span class='ocrx_word' id='word_1_354' title='bbox 1202 2767 1290 2840; x_wconf 75' lang='lat' dir='ltr'><strong>(botru.</strong></span> <span class='ocrx_word' id='word_1_355' title='bbox 1302 2783 1333 2833; x_wconf 89' lang='grc' dir='ltr'><strong>ιι,</strong></span> <span class='ocrx_word' id='word_1_356' title='bbox 1349 2765 1404 2839; x_wconf 76' lang='lat' dir='ltr'><strong>lli:</strong></span> <span class='ocrx_word' id='word_1_357' title='bbox 1416 2765 1490 2838; x_wconf 87' lang='lat' dir='ltr'><strong>qnod</strong></span> <span class='ocrx_word' id='word_1_358' title='bbox 1501 2777 1598 2836; x_wconf 79' lang='lat' dir='ltr'><strong>gentes</strong></span> <span class='ocrx_word' id='word_1_359' title='bbox 1609 2765 1772 2821; x_wconf 73' lang='lat' dir='ltr'><strong>narraratner</strong></span> <span class='ocrx_word' id='word_1_360' title='bbox 1783 2761 1915 2817; x_wconf 86' lang='lat' dir='ltr'><strong>iacientes</strong></span> 
     </span>
     <span class='ocr_line' id='line_1_28' title="bbox 297 2855 1916 2933; baseline -0.004 -17"><span class='ocrx_word' id='word_1_361' title='bbox 297 2861 388 2929; x_wconf 79' lang='lat' dir='ltr'><strong>(Vens.</strong></span> <span class='ocrx_word' id='word_1_362' title='bbox 397 2861 425 2922; x_wconf 82' lang='lat' dir='ltr'><strong>d.</strong></span> <span class='ocrx_word' id='word_1_363' title='bbox 437 2859 477 2933; x_wconf 76' lang='lat'><strong>5.)</strong></span> <span class='ocrx_word' id='word_1_364' title='bbox 491 2859 590 2916; x_wconf 85' lang='lat' dir='ltr'><strong>lterum</strong></span> <span class='ocrx_word' id='word_1_365' title='bbox 599 2862 668 2917; x_wconf 87' lang='lat' dir='ltr'><strong>misit</strong></span> <span class='ocrx_word' id='word_1_366' title='bbox 679 2862 745 2916; x_wconf 87' lang='lat' dir='ltr'><strong>alios</strong></span> <span class='ocrx_word' id='word_1_367' title='bbox 756 2877 852 2926; x_wconf 83' lang='lat' dir='ltr'><strong>aereos,</strong></span> <span class='ocrx_word' id='word_1_368' title='bbox 865 2862 966 2917; x_wconf 86' lang='lat' dir='ltr'><strong>dicens:</strong></span> <span class='ocrx_word' id='word_1_369' title='bbox 977 2861 1062 2918; x_wconf 83' lang='lat' dir='ltr'><strong>Dicite</strong></span> <span class='ocrx_word' id='word_1_370' title='bbox 1110 2876 1143 2917; x_wconf 83' lang='lat' dir='ltr'><strong>es</strong></span> <span class='ocrx_word' id='word_1_371' title='bbox 1153 2876 1214 2932; x_wconf 78' lang='lat' dir='ltr'><strong>qose</strong></span> <span class='ocrx_word' id='word_1_372' title='bbox 1227 2860 1295 2930; x_wconf 78' lang='lat' dir='ltr'><strong>legis</strong></span> <span class='ocrx_word' id='word_1_373' title='bbox 1310 2869 1385 2921; x_wconf 82' lang='lat' dir='ltr'><strong>surm,</strong></span> <span class='ocrx_word' id='word_1_374' title='bbox 1394 2859 1581 2915; x_wconf 79' lang='lat' dir='ltr'><strong>condemnent</strong></span> <span class='ocrx_word' id='word_1_375' title='bbox 1591 2857 1711 2926; x_wconf 79' lang='lat' dir='ltr'><strong>ludaeos,</strong></span> <span class='ocrx_word' id='word_1_376' title='bbox 1723 2855 1768 2927; x_wconf 93' lang='lat' dir='ltr'><strong>qoi</strong></span> <span class='ocrx_word' id='word_1_377' title='bbox 1781 2855 1916 2924; x_wconf 74' lang='lat' dir='ltr'><strong>scriptam</strong></span> 
     </span>
     <span class='ocr_line' id='line_1_29' title="bbox 259 2945 1916 3026; baseline -0.007 -15"><span class='ocrx_word' id='word_1_378' title='bbox 259 2954 397 3011; x_wconf 81' lang='lat' dir='ltr'><strong>inuitatis:</strong></span> <span class='ocrx_word' id='word_1_379' title='bbox 412 2951 480 3008; x_wconf 83' lang='lat' dir='ltr'><strong>liccc</strong></span> <span class='ocrx_word' id='word_1_380' title='bbox 493 2954 632 3026; x_wconf 81' lang='lat' dir='ltr'><strong>prandium</strong></span> <span class='ocrx_word' id='word_1_381' title='bbox 650 2969 734 3009; x_wconf 87' lang='lat' dir='ltr'><strong>mento</strong></span> <span class='ocrx_word' id='word_1_382' title='bbox 749 2954 859 3026; x_wconf 84' lang='lat' dir='ltr'><strong>parnei:</strong></span> <span class='ocrx_word' id='word_1_383' title='bbox 880 2957 947 3010; x_wconf 83' lang='lat' dir='ltr'><strong>tauri</strong></span> <span class='ocrx_word' id='word_1_384' title='bbox 961 2956 1022 3018; x_wconf 84' lang='lat' dir='ltr'><strong>mei,</strong></span> <span class='ocrx_word' id='word_1_385' title='bbox 1038 2966 1062 3011; x_wconf 89' lang='lat' dir='ltr'><strong>et</strong></span> <span class='ocrx_word' id='word_1_386' title='bbox 1111 2954 1200 3025; x_wconf 78' lang='lat' dir='ltr'><strong>legent</strong></span> <span class='ocrx_word' id='word_1_387' title='bbox 1217 2968 1273 3008; x_wconf 89' lang='lat' dir='ltr'><strong>ooo</strong></span> <span class='ocrx_word' id='word_1_388' title='bbox 1296 2950 1419 3007; x_wconf 82' lang='lat' dir='ltr'><strong>iecerint.</strong></span> <span class='ocrx_word' id='word_1_389' title='bbox 1434 2951 1510 3005; x_wconf 85' lang='lat' dir='ltr'><strong>luter</strong></span> <span class='ocrx_word' id='word_1_390' title='bbox 1524 2951 1599 3020; x_wconf 83' lang='lat' dir='ltr'><strong>ipsos</strong></span> <span class='ocrx_word' id='word_1_391' title='bbox 1613 2945 1858 3020; x_wconf 88' lang='lat' dir='ltr'><strong>qooqtteetltnicos</strong></span> <span class='ocrx_word' id='word_1_392' title='bbox 1872 2953 1916 3001; x_wconf 90' lang='lat' dir='ltr'><strong>est</strong></span> 
     </span>
     <span class='ocr_line' id='line_1_30' title="bbox 262 3040 1917 3120; baseline -0.005 -18"><span class='ocrx_word' id='word_1_393' title='bbox 262 3047 349 3102; x_wconf 82' lang='lat' dir='ltr'><strong>altilia</strong></span> <span class='ocrx_word' id='word_1_394' title='bbox 363 3048 448 3102; x_wconf 85' lang='lat' dir='ltr'><strong>occiso</strong></span> <span class='ocrx_word' id='word_1_395' title='bbox 461 3055 534 3108; x_wconf 82' lang='lat' dir='ltr'><strong>suttt,</strong></span> <span class='ocrx_word' id='word_1_396' title='bbox 546 3055 570 3099; x_wconf 90' lang='lat' dir='ltr'><strong>et</strong></span> <span class='ocrx_word' id='word_1_397' title='bbox 584 3047 672 3100; x_wconf 79' lang='lat' dir='ltr'><strong>omitia</strong></span> <span class='ocrx_word' id='word_1_398' title='bbox 685 3056 794 3120; x_wconf 90' lang='lat' dir='ltr'><strong>pnrntn:</strong></span> <span class='ocrx_word' id='word_1_399' title='bbox 808 3046 889 3102; x_wconf 85' lang='lat' dir='ltr'><strong>territe</strong></span> <span class='ocrx_word' id='word_1_400' title='bbox 899 3047 934 3100; x_wconf 86' lang='lat' dir='ltr'><strong>od</strong></span> <span class='ocrx_word' id='word_1_401' title='bbox 946 3048 1059 3120; x_wconf 85' lang='lat' dir='ltr'><strong>nuptias.</strong></span> <span class='ocrx_word' id='word_1_402' title='bbox 1111 3046 1256 3102; x_wconf 80' lang='lat' dir='ltr'><strong>diuersitas</strong></span> <span class='ocrx_word' id='word_1_403' title='bbox 1272 3045 1378 3101; x_wconf 87' lang='lat' dir='ltr'><strong>inbnita</strong></span> <span class='ocrx_word' id='word_1_404' title='bbox 1391 3061 1399 3111; x_wconf 92' lang='grc'>;</span> <span class='ocrx_word' id='word_1_405' title='bbox 1414 3059 1476 3099; x_wconf 88' lang='lat' dir='ltr'><strong>eom</strong></span> <span class='ocrx_word' id='word_1_406' title='bbox 1489 3045 1609 3100; x_wconf 88' lang='lat' dir='ltr'><strong>sciaoms</strong></span> <span class='ocrx_word' id='word_1_407' title='bbox 1618 3044 1687 3096; x_wconf 89' lang='lat' dir='ltr'><strong>alios</strong></span> <span class='ocrx_word' id='word_1_408' title='bbox 1699 3055 1762 3097; x_wconf 82' lang='lat' dir='ltr'><strong>esse</strong></span> <span class='ocrx_word' id='word_1_409' title='bbox 1777 3040 1917 3109; x_wconf 76' lang='lat' dir='ltr'><strong>proclives</strong></span> 
     </span>
     <span class='ocr_line' id='line_1_31' title="bbox 262 3133 1917 3213; baseline -0.005 -17"><span class='ocrx_word' id='word_1_410' title='bbox 262 3139 309 3196; x_wconf 86' lang='lat' dir='ltr'><strong>tto</strong></span> <span class='ocrx_word' id='word_1_411' title='bbox 323 3150 407 3195; x_wconf 80' lang='lat' dir='ltr'><strong>numm</strong></span> <span class='ocrx_word' id='word_1_412' title='bbox 422 3139 602 3212; x_wconf 82' lang='lat' dir='ltr'><strong>uepleaerunt.</strong></span> <span class='ocrx_word' id='word_1_413' title='bbox 613 3139 688 3196; x_wconf 86' lang='lat' dir='ltr'><strong>Servi</strong></span> <span class='ocrx_word' id='word_1_414' title='bbox 700 3141 745 3212; x_wconf 92' lang='lat' dir='ltr'><strong>qoi</strong></span> <span class='ocrx_word' id='word_1_415' title='bbox 761 3140 881 3196; x_wconf 87' lang='lat' dir='ltr'><strong>scetrndo</strong></span> <span class='ocrx_word' id='word_1_416' title='bbox 896 3140 972 3196; x_wconf 91' lang='lat' dir='ltr'><strong>missi</strong></span> <span class='ocrx_word' id='word_1_417' title='bbox 987 3150 1060 3209; x_wconf 78' lang='lat' dir='ltr'><strong>suunt,</strong></span> <span class='ocrx_word' id='word_1_418' title='bbox 1112 3141 1146 3198; x_wconf 87' lang='lat' dir='ltr'><strong>ad</strong></span> <span class='ocrx_word' id='word_1_419' title='bbox 1163 3141 1227 3197; x_wconf 86' lang='lat' dir='ltr'><strong>titia</strong></span> <span class='ocrx_word' id='word_1_420' title='bbox 1237 3150 1264 3196; x_wconf 88' lang='lat' dir='ltr'><strong>et</strong></span> <span class='ocrx_word' id='word_1_421' title='bbox 1280 3140 1359 3213; x_wconf 72' lang='lat'><strong>170</strong></span> <span class='ocrx_word' id='word_1_422' title='bbox 1373 3147 1484 3195; x_wconf 79' lang='lat' dir='ltr'><strong>tttettles</strong></span> <span class='ocrx_word' id='word_1_423' title='bbox 1498 3136 1532 3192; x_wconf 90' lang='lat' dir='ltr'><strong>ad</strong></span> <span class='ocrx_word' id='word_1_424' title='bbox 1547 3136 1635 3191; x_wconf 89' lang='lat' dir='ltr'><strong>mala:</strong></span> <span class='ocrx_word' id='word_1_425' title='bbox 1650 3136 1718 3191; x_wconf 89' lang='lat' dir='ltr'><strong>alios</strong></span> <span class='ocrx_word' id='word_1_426' title='bbox 1733 3133 1768 3190; x_wconf 89' lang='lat' dir='ltr'><strong>ob</strong></span> <span class='ocrx_word' id='word_1_427' title='bbox 1781 3133 1917 3188; x_wconf 88' lang='lat' dir='ltr'><strong>bonesta·</strong></span> 
     </span>
    </p>
   </div>
   <div class='ocr_carea' id='block_1_3' title="bbox 263 3212 1919 3402">
    <p class='ocr_par' dir='ltr' id='par_1_3' title="bbox 263 3212 1919 3402">
     <span class='ocr_line' id='line_1_32' title="bbox 263 3212 1584 3306; baseline -0.005 -16"><span class='ocrx_word' id='word_1_428' title='bbox 263 3234 361 3290; x_wconf 89' lang='lat' dir='ltr'><strong>ntelius</strong></span> <span class='ocrx_word' id='word_1_429' title='bbox 372 3243 414 3290; x_wconf 90' lang='lat' dir='ltr'><strong>est</strong></span> <span class='ocrx_word' id='word_1_430' title='bbox 426 3240 454 3288; x_wconf 88' lang='lat' dir='ltr'><strong>ut</strong></span> <span class='ocrx_word' id='word_1_431' title='bbox 473 3231 822 3304; x_wconf 74' lang='lat' dir='ltr'><strong>propbetaeiotelligontur‚</strong></span> <span class='ocrx_word' id='word_1_432' title='bbox 835 3249 915 3306; x_wconf 90' lang='lat' dir='ltr'><strong>qoam</strong></span> <span class='ocrx_word' id='word_1_433' title='bbox 928 3234 1060 3305; x_wconf 88' lang='lat' dir='ltr'><strong>apostoli:</strong></span> <span class='ocrx_word' id='word_1_434' title='bbox 1074 3212 1099 3278; x_wconf 71' lang='lat' dir='ltr'><strong>G</strong></span> <span class='ocrx_word' id='word_1_435' title='bbox 1114 3245 1169 3293; x_wconf 91' lang='lat' dir='ltr'><strong>tem</strong></span> <span class='ocrx_word' id='word_1_436' title='bbox 1183 3251 1291 3291; x_wconf 81' lang='lat' dir='ltr'><strong>morona</strong></span> <span class='ocrx_word' id='word_1_437' title='bbox 1307 3234 1453 3289; x_wconf 83' lang='lat' dir='ltr'><strong>uirtutibus</strong></span> <span class='ocrx_word' id='word_1_438' title='bbox 1467 3231 1584 3288; x_wconf 88' lang='lat' dir='ltr'><strong>deditos.</strong></span> 
     </span>
     <span class='ocr_line' id='line_1_33' title="bbox 266 3321 1919 3402; baseline -0.005 -19"><span class='ocrx_word' id='word_1_439' title='bbox 266 3325 303 3383; x_wconf 89' lang='lat' dir='ltr'><strong>ita</strong></span> <span class='ocrx_word' id='word_1_440' title='bbox 317 3335 406 3382; x_wconf 87' lang='lat' dir='ltr'><strong>tamen</strong></span> <span class='ocrx_word' id='word_1_441' title='bbox 422 3327 444 3380; x_wconf 90' lang='lat' dir='ltr'><strong>si</strong></span> <span class='ocrx_word' id='word_1_442' title='bbox 457 3341 549 3396; x_wconf 83' lang='lat' dir='ltr'><strong>snpra,</strong></span> <span class='ocrx_word' id='word_1_443' title='bbox 564 3342 664 3392; x_wconf 82' lang='lat' dir='ltr'><strong>aereus,</strong></span> <span class='ocrx_word' id='word_1_444' title='bbox 675 3327 792 3396; x_wconf 89' lang='lat' dir='ltr'><strong>scriptus</strong></span> <span class='ocrx_word' id='word_1_445' title='bbox 803 3325 895 3382; x_wconf 88' lang='lat' dir='ltr'><strong>luerit.</strong></span> <span class='ocrx_word' id='word_1_446' title='bbox 912 3325 958 3384; x_wconf 90' lang='lat' dir='ltr'><strong>Sin</strong></span> <span class='ocrx_word' id='word_1_447' title='bbox 971 3335 1061 3382; x_wconf 82' lang='lat' dir='ltr'><strong>arrteto</strong></span> <span class='ocrx_word' id='word_1_448' title='bbox 1150 3329 1241 3402; x_wconf 83' lang='lat' dir='ltr'><strong>(llere.</strong></span> <span class='ocrx_word' id='word_1_449' title='bbox 1259 3327 1304 3393; x_wconf 82' lang='lat' dir='ltr'><strong>tl,</strong></span> <span class='ocrx_word' id='word_1_450' title='bbox 1323 3325 1380 3391; x_wconf 66' lang='lat' dir='ltr'><strong>lii</strong></span> <span class='ocrx_word' id='word_1_451' title='bbox 1399 3324 1510 3380; x_wconf 80' lang='lat' dir='ltr'><strong>lnbouit</strong></span> <span class='ocrx_word' id='word_1_452' title='bbox 1531 3333 1689 3389; x_wconf 73' lang='lat' dir='ltr'><strong>autemnon,</strong></span> <span class='ocrx_word' id='word_1_453' title='bbox 1705 3321 1846 3376; x_wconf 79' lang='lat' dir='ltr'><strong>strideret</strong></span> <span class='ocrx_word' id='word_1_454' title='bbox 1861 3321 1919 3375; x_wconf 90' lang='lat' dir='ltr'><strong>dir-</strong></span> 
     </span>
    </p>
   </div>
   <div class='ocr_carea' id='block_1_4' title="bbox 261 3415 1070 4601">
    <p class='ocr_par' dir='ltr' id='par_1_4' title="bbox 261 3415 1064 3952">
     <span class='ocr_line' id='line_1_34' title="bbox 262 3415 1062 3488; baseline 0 -14"><span class='ocrx_word' id='word_1_455' title='bbox 262 3434 365 3484; x_wconf 86' lang='lat' dir='ltr'><strong>aerooe,</strong></span> <span class='ocrx_word' id='word_1_456' title='bbox 385 3417 485 3474; x_wconf 83' lang='lat' dir='ltr'><strong>ibidem</strong></span> <span class='ocrx_word' id='word_1_457' title='bbox 501 3417 592 3488; x_wconf 75' lang='lat' dir='ltr'><strong>legas,</strong></span> <span class='ocrx_word' id='word_1_458' title='bbox 613 3419 656 3474; x_wconf 84' lang='lat' dir='ltr'><strong>trie</strong></span> <span class='ocrx_word' id='word_1_459' title='bbox 677 3418 788 3478; x_wconf 88' lang='lat' dir='ltr'><strong>secundi</strong></span> <span class='ocrx_word' id='word_1_460' title='bbox 810 3415 926 3486; x_wconf 76' lang='lat' dir='ltr'><strong>serti‚‘l</strong></span> <span class='ocrx_word' id='word_1_461' title='bbox 945 3419 1062 3488; x_wconf 88' lang='lat' dir='ltr'><strong>apostoli</strong></span> 
     </span>
     <span class='ocr_line' id='line_1_35' title="bbox 262 3510 1064 3582; baseline -0.002 -14"><span class='ocrx_word' id='word_1_462' title='bbox 262 3510 430 3582; x_wconf 83' lang='lat' dir='ltr'><strong>intelligendi</strong></span> <span class='ocrx_word' id='word_1_463' title='bbox 454 3520 527 3565; x_wconf 89' lang='lat' dir='ltr'><strong>sont.</strong></span> <span class='ocrx_word' id='word_1_464' title='bbox 546 3510 692 3565; x_wconf 78' lang='lat' dir='ltr'><strong>Prandium</strong></span> <span class='ocrx_word' id='word_1_465' title='bbox 716 3523 858 3580; x_wconf 87' lang='lat' dir='ltr'><strong>paratum.</strong></span> <span class='ocrx_word' id='word_1_466' title='bbox 878 3519 907 3567; x_wconf 89' lang='lat' dir='ltr'><strong>et</strong></span> <span class='ocrx_word' id='word_1_467' title='bbox 930 3512 1016 3576; x_wconf 88' lang='lat' dir='ltr'><strong>tauri,</strong></span> <span class='ocrx_word' id='word_1_468' title='bbox 1037 3519 1064 3566; x_wconf 89' lang='lat' dir='ltr'><strong>et</strong></span> 
     </span>
     <span class='ocr_line' id='line_1_36' title="bbox 261 3603 1064 3680; baseline 0 -18"><span class='ocrx_word' id='word_1_469' title='bbox 261 3605 349 3662; x_wconf 82' lang='lat' dir='ltr'><strong>altilia</strong></span> <span class='ocrx_word' id='word_1_470' title='bbox 364 3605 465 3673; x_wconf 86' lang='lat' dir='ltr'><strong>occisa,</strong></span> <span class='ocrx_word' id='word_1_471' title='bbox 478 3605 522 3662; x_wconf 84' lang='lat' dir='ltr'><strong>vel</strong></span> <span class='ocrx_word' id='word_1_472' title='bbox 538 3619 586 3672; x_wconf 91' lang='lat' dir='ltr'><strong>per</strong></span> <span class='ocrx_word' id='word_1_473' title='bbox 600 3603 788 3676; x_wconf 81' lang='lat' dir='ltr'><strong>metaphoram</strong></span> <span class='ocrx_word' id='word_1_474' title='bbox 805 3607 885 3680; x_wconf 77' lang='lat'><strong>175</strong></span> <span class='ocrx_word' id='word_1_475' title='bbox 900 3621 966 3674; x_wconf 87' lang='lat' dir='ltr'><strong>opes</strong></span> <span class='ocrx_word' id='word_1_476' title='bbox 981 3607 1064 3678; x_wconf 75' lang='lat' dir='ltr'><strong>sepiae</strong></span> 
     </span>
     <span class='ocr_line' id='line_1_37' title="bbox 264 3696 1064 3768; baseline -0.003 -13"><span class='ocrx_word' id='word_1_477' title='bbox 264 3696 473 3762; x_wconf 84' lang='lat' dir='ltr'><strong>deseribuntur,</strong></span> <span class='ocrx_word' id='word_1_478' title='bbox 495 3709 528 3753; x_wconf 88' lang='lat' dir='ltr'><strong>ot</strong></span> <span class='ocrx_word' id='word_1_479' title='bbox 542 3711 575 3753; x_wconf 85' lang='lat' dir='ltr'><strong>es</strong></span> <span class='ocrx_word' id='word_1_480' title='bbox 591 3697 747 3754; x_wconf 88' lang='lat' dir='ltr'><strong>carnalibus</strong></span> <span class='ocrx_word' id='word_1_481' title='bbox 773 3698 958 3768; x_wconf 78' lang='lat' dir='ltr'><strong>intelligantur</strong></span> <span class='ocrx_word' id='word_1_482' title='bbox 982 3698 1064 3764; x_wconf 88' lang='lat' dir='ltr'><strong>spiri·</strong></span> 
     </span>
     <span class='ocr_line' id='line_1_38' title="bbox 266 3787 1063 3862; baseline -0.004 -16"><span class='ocrx_word' id='word_1_483' title='bbox 266 3790 367 3856; x_wconf 84' lang='lat' dir='ltr'><strong>lttalin;</strong></span> <span class='ocrx_word' id='word_1_484' title='bbox 388 3789 430 3845; x_wconf 85' lang='lat' dir='ltr'><strong>vel</strong></span> <span class='ocrx_word' id='word_1_485' title='bbox 449 3798 524 3845; x_wconf 90' lang='lat' dir='ltr'><strong>certe</strong></span> <span class='ocrx_word' id='word_1_486' title='bbox 544 3787 700 3860; x_wconf 72' lang='lat' dir='ltr'><strong>dogmatum</strong></span> <span class='ocrx_word' id='word_1_487' title='bbox 716 3789 884 3862; x_wconf 81' lang='lat' dir='ltr'><strong>magnitudo,</strong></span> <span class='ocrx_word' id='word_1_488' title='bbox 899 3799 928 3845; x_wconf 91' lang='lat' dir='ltr'><strong>et</strong></span> <span class='ocrx_word' id='word_1_489' title='bbox 940 3790 1063 3846; x_wconf 85' lang='lat' dir='ltr'><strong>doctrina</strong></span> 
     </span>
     <span class='ocr_line' id='line_1_39' title="bbox 265 3881 783 3952; baseline -0.004 -14"><span class='ocrx_word' id='word_1_490' title='bbox 265 3881 313 3938; x_wconf 80' lang='lat' dir='ltr'><strong>liei</strong></span> <span class='ocrx_word' id='word_1_491' title='bbox 329 3882 387 3952; x_wconf 73' lang='lat' dir='ltr'><strong>lege</strong></span> <span class='ocrx_word' id='word_1_492' title='bbox 403 3883 559 3948; x_wconf 86' lang='lat' dir='ltr'><strong>plenissima</strong></span> <span class='ocrx_word' id='word_1_493' title='bbox 572 3881 667 3936; x_wconf 88' lang='lat' dir='ltr'><strong>sentiri</strong></span> <span class='ocrx_word' id='word_1_494' title='bbox 682 3890 783 3952; x_wconf 88' lang='lat' dir='ltr'><strong>potest.</strong></span> 
     </span>
    </p>

    <p class='ocr_par' dir='ltr' id='par_1_5' title="bbox 266 3973 1070 4601">
     <span class='ocr_line' id='line_1_40' title="bbox 304 3973 1066 4045; baseline 0.004 -17"><span class='ocrx_word' id='word_1_495' title='bbox 304 3974 395 4045; x_wconf 77' lang='lat' dir='ltr'><strong>(vers.</strong></span> <span class='ocrx_word' id='word_1_496' title='bbox 412 3973 452 4044; x_wconf 85' lang='grc'><strong>6.)</strong></span> <span class='ocrx_word' id='word_1_497' title='bbox 473 3973 654 4038; x_wconf 66' lang='lat' dir='ltr'><strong>[italiorum.</strong></span> <span class='ocrx_word' id='word_1_498' title='bbox 671 3974 738 4030; x_wconf 86' lang='lat' dir='ltr'><strong>olias</strong></span> <span class='ocrx_word' id='word_1_499' title='bbox 750 3976 777 4028; x_wconf 90' lang='lat' dir='ltr'><strong>in</strong></span> <span class='ocrx_word' id='word_1_500' title='bbox 791 3975 878 4032; x_wconf 84' lang='lat' dir='ltr'><strong>nillant</strong></span> <span class='ocrx_word' id='word_1_501' title='bbox 893 3993 982 4041; x_wconf 77' lang='lat' dir='ltr'><strong>sunus,</strong></span> <span class='ocrx_word' id='word_1_502' title='bbox 998 3977 1066 4031; x_wconf 83' lang='lat' dir='ltr'><strong>elicta</strong></span> 
     </span>
     <span class='ocr_line' id='line_1_41' title="bbox 266 4065 1066 4138; baseline -0.005 -14"><span class='ocrx_word' id='word_1_503' title='bbox 266 4082 327 4124; x_wconf 78' lang='lat' dir='ltr'><strong>sero</strong></span> <span class='ocrx_word' id='word_1_504' title='bbox 346 4067 381 4122; x_wconf 81' lang='lat' dir='ltr'><strong>nd</strong></span> <span class='ocrx_word' id='word_1_505' title='bbox 402 4068 601 4138; x_wconf 84' lang='lat' dir='ltr'><strong>tteqotiotioncm</strong></span> <span class='ocrx_word' id='word_1_506' title='bbox 621 4083 705 4123; x_wconf 86' lang='lat' dir='ltr'><strong>ruam.</strong></span> <span class='ocrx_word' id='word_1_507' title='bbox 724 4065 826 4136; x_wconf 77' lang='lat' dir='ltr'><strong>Reliqui</strong></span> <span class='ocrx_word' id='word_1_508' title='bbox 846 4081 906 4122; x_wconf 89' lang='lat' dir='ltr'><strong>ttero</strong></span> <span class='ocrx_word' id='word_1_509' title='bbox 929 4077 1066 4122; x_wconf 87' lang='lat' dir='ltr'><strong>tenuerunt</strong></span> 
     </span>
     <span class='ocr_line' id='line_1_42' title="bbox 268 4157 1067 4234; baseline 0 -18"><span class='ocrx_word' id='word_1_510' title='bbox 268 4176 354 4216; x_wconf 83' lang='lat' dir='ltr'><strong>terrm</strong></span> <span class='ocrx_word' id='word_1_511' title='bbox 367 4164 438 4234; x_wconf 81' lang='lat' dir='ltr'><strong>ejus,</strong></span> <span class='ocrx_word' id='word_1_512' title='bbox 454 4170 479 4216; x_wconf 87' lang='lat' dir='ltr'><strong>et</strong></span> <span class='ocrx_word' id='word_1_513' title='bbox 493 4157 655 4214; x_wconf 82' lang='lat' dir='ltr'><strong>contumeliis</strong></span> <span class='ocrx_word' id='word_1_514' title='bbox 668 4159 793 4227; x_wconf 74' lang='lat' dir='ltr'><strong>affectos,</strong></span> <span class='ocrx_word' id='word_1_515' title='bbox 818 4160 975 4216; x_wconf 83' lang='lat' dir='ltr'><strong>occiderunt.</strong></span> <span class='ocrx_word' id='word_1_516' title='bbox 992 4161 1067 4216; x_wconf 85' lang='lat' dir='ltr'><strong>lotor</strong></span> 
     </span>
     <span class='ocr_line' id='line_1_43' title="bbox 269 4251 1066 4326; baseline 0 -18"><span class='ocrx_word' id='word_1_517' title='bbox 269 4266 334 4318; x_wconf 89' lang='lat' dir='ltr'><strong>eos,</strong></span> <span class='ocrx_word' id='word_1_518' title='bbox 357 4254 402 4322; x_wconf 90' lang='lat' dir='ltr'><strong>qui</strong></span> <span class='ocrx_word' id='word_1_519' title='bbox 420 4268 473 4308; x_wconf 89' lang='lat' dir='ltr'><strong>nott</strong></span> <span class='ocrx_word' id='word_1_520' title='bbox 494 4253 628 4324; x_wconf 89' lang='lat' dir='ltr'><strong>recipiunt</strong></span> <span class='ocrx_word' id='word_1_521' title='bbox 644 4251 785 4326; x_wconf 71' lang='lat' dir='ltr'><strong>Evangelii</strong></span> <span class='ocrx_word' id='word_1_522' title='bbox 805 4254 966 4316; x_wconf 80' lang='lat' dir='ltr'><strong>ueritatem,</strong></span> <span class='ocrx_word' id='word_1_523' title='bbox 983 4256 1066 4308; x_wconf 84' lang='lat' dir='ltr'><strong>multu</strong></span> 
     </span>
     <span class='ocr_line' id='line_1_44' title="bbox 269 4348 1069 4420; baseline 0.001 -17"><span class='ocrx_word' id='word_1_524' title='bbox 269 4348 414 4404; x_wconf 81' lang='lat' dir='ltr'><strong>diversitas</strong></span> <span class='ocrx_word' id='word_1_525' title='bbox 428 4357 482 4404; x_wconf 86' lang='lat' dir='ltr'><strong>est.</strong></span> <span class='ocrx_word' id='word_1_526' title='bbox 495 4348 605 4404; x_wconf 85' lang='lat' dir='ltr'><strong>llinoris</strong></span> <span class='ocrx_word' id='word_1_527' title='bbox 619 4350 692 4406; x_wconf 89' lang='lat' dir='ltr'><strong>enirn</strong></span> <span class='ocrx_word' id='word_1_528' title='bbox 706 4350 829 4406; x_wconf 89' lang='lat' dir='ltr'><strong>criminis</strong></span> <span class='ocrx_word' id='word_1_529' title='bbox 848 4359 910 4404; x_wconf 91' lang='lat' dir='ltr'><strong>sont</strong></span> <span class='ocrx_word' id='word_1_530' title='bbox 926 4350 972 4420; x_wconf 91' lang='lat' dir='ltr'><strong>qni</strong></span> <span class='ocrx_word' id='word_1_531' title='bbox 987 4364 1069 4404; x_wconf 84' lang='lat' dir='ltr'><strong>orctt·</strong></span> 
     </span>
     <span class='ocr_line' id='line_1_45' title="bbox 271 4439 1068 4511; baseline 0.003 -17"><span class='ocrx_word' id='word_1_532' title='bbox 271 4440 325 4511; x_wconf 86' lang='lat' dir='ltr'><strong>pati</strong></span> <span class='ocrx_word' id='word_1_533' title='bbox 339 4439 399 4495; x_wconf 83' lang='lat' dir='ltr'><strong>aliis</strong></span> <span class='ocrx_word' id='word_1_534' title='bbox 414 4440 495 4496; x_wconf 86' lang='lat' dir='ltr'><strong>rebus</strong></span> <span class='ocrx_word' id='word_1_535' title='bbox 512 4442 608 4495; x_wconf 82' lang='lat' dir='ltr'><strong>senice</strong></span> <span class='ocrx_word' id='word_1_536' title='bbox 622 4441 780 4508; x_wconf 80' lang='lat' dir='ltr'><strong>uolnerum,</strong></span> <span class='ocrx_word' id='word_1_537' title='bbox 788 4440 896 4510; x_wconf 83' lang='lat' dir='ltr'><strong>bienni,</strong></span> <span class='ocrx_word' id='word_1_538' title='bbox 910 4451 1068 4510; x_wconf 86' lang='lat' dir='ltr'><strong>contempto</strong></span> 
     </span>
     <span class='ocr_line' id='line_1_46' title="bbox 272 4531 1070 4601; baseline -0.004 -13"><span class='ocrx_word' id='word_1_539' title='bbox 272 4532 413 4588; x_wconf 76' lang='lat' dir='ltr'><strong>insultantis</strong></span> <span class='ocrx_word' id='word_1_540' title='bbox 425 4532 534 4601; x_wconf 82' lang='lat' dir='ltr'><strong>allecto,</strong></span> <span class='ocrx_word' id='word_1_541' title='bbox 549 4542 688 4589; x_wconf 88' lang='lat' dir='ltr'><strong>uerterunt</strong></span> <span class='ocrx_word' id='word_1_542' title='bbox 710 4531 904 4588; x_wconf 85' lang='lat' dir='ltr'><strong>bnmanbatem</strong></span> <span class='ocrx_word' id='word_1_543' title='bbox 931 4533 957 4586; x_wconf 90' lang='lat' dir='ltr'><strong>in</strong></span> <span class='ocrx_word' id='word_1_544' title='bbox 970 4532 1070 4588; x_wconf 83' lang='lat' dir='ltr'><strong>crunde-</strong></span> 
     </span>
    </p>
   </div>
   <div class='ocr_carea' id='block_1_5' title="bbox 1115 3414 1927 4602">
    <p class='ocr_par' dir='ltr' id='par_1_6' title="bbox 1115 3414 1927 4602">
     <span class='ocr_line' id='line_1_47' title="bbox 1115 3414 1920 3477; baseline -0.012 -1"><span class='ocrx_word' id='word_1_545' title='bbox 1115 3421 1279 3477; x_wconf 77' lang='lat' dir='ltr'><strong>mordentes:</strong></span> <span class='ocrx_word' id='word_1_546' title='bbox 1302 3429 1326 3474; x_wconf 88' lang='lat' dir='ltr'><strong>et</strong></span> <span class='ocrx_word' id='word_1_547' title='bbox 1345 3419 1410 3473; x_wconf 83' lang='lat' dir='ltr'><strong>uidit</strong></span> <span class='ocrx_word' id='word_1_548' title='bbox 1426 3420 1463 3472; x_wconf 86' lang='lat' dir='ltr'><strong>ibi</strong></span> <span class='ocrx_word' id='word_1_549' title='bbox 1477 3419 1608 3472; x_wconf 78' lang='lat' dir='ltr'><strong>domineco</strong></span> <span class='ocrx_word' id='word_1_550' title='bbox 1628 3432 1680 3470; x_wconf 88' lang='lat' dir='ltr'><strong>tren</strong></span> <span class='ocrx_word' id='word_1_551' title='bbox 1701 3414 1819 3470; x_wconf 85' lang='lat' dir='ltr'><strong>uestitum</strong></span> <span class='ocrx_word' id='word_1_552' title='bbox 1841 3423 1920 3466; x_wconf 85' lang='lat' dir='ltr'><strong>ecetc</strong></span> 
     </span>
     <span class='ocr_line' id='line_1_48' title="bbox 1116 3505 1919 3585; baseline -0.016 -16"><span class='ocrx_word' id='word_1_553' title='bbox 1116 3515 1240 3585; x_wconf 83' lang='lat' dir='ltr'><strong>nuptiali.</strong></span> <span class='ocrx_word' id='word_1_554' title='bbox 1257 3523 1280 3567; x_wconf 90' lang='lat' dir='ltr'><strong>et</strong></span> <span class='ocrx_word' id='word_1_555' title='bbox 1294 3513 1332 3566; x_wconf 90' lang='lat' dir='ltr'><strong>oit</strong></span> <span class='ocrx_word' id='word_1_556' title='bbox 1346 3510 1409 3566; x_wconf 85' lang='lat' dir='ltr'><strong>illi:</strong></span> <span class='ocrx_word' id='word_1_557' title='bbox 1424 3511 1523 3579; x_wconf 79' lang='lat' dir='ltr'><strong>Amice‚</strong></span> <span class='ocrx_word' id='word_1_558' title='bbox 1539 3508 1668 3580; x_wconf 72' lang='lat' dir='ltr'><strong>nicomede</strong></span> <span class='ocrx_word' id='word_1_559' title='bbox 1680 3507 1731 3562; x_wconf 86' lang='lat' dir='ltr'><strong>ltuc</strong></span> <span class='ocrx_word' id='word_1_560' title='bbox 1745 3505 1847 3560; x_wconf 85' lang='lat' dir='ltr'><strong>intrasti</strong></span> <span class='ocrx_word' id='word_1_561' title='bbox 1863 3521 1919 3558; x_wconf 84' lang='lat' dir='ltr'><strong>raon</strong></span> 
     </span>
     <span class='ocr_line' id='line_1_49' title="bbox 1117 3597 1921 3676; baseline -0.016 -16"><span class='ocrx_word' id='word_1_562' title='bbox 1117 3605 1213 3660; x_wconf 80' lang='lat' dir='ltr'><strong>beleus</strong></span> <span class='ocrx_word' id='word_1_563' title='bbox 1225 3615 1320 3659; x_wconf 85' lang='lat' dir='ltr'><strong>uestem</strong></span> <span class='ocrx_word' id='word_1_564' title='bbox 1334 3601 1500 3676; x_wconf 77' lang='lat' dir='ltr'><strong>nuptialem?</strong></span> <span class='ocrx_word' id='word_1_565' title='bbox 1514 3603 1546 3656; x_wconf 81' lang='grc' dir='ltr'><strong>Αι</strong></span> <span class='ocrx_word' id='word_1_566' title='bbox 1556 3600 1603 3656; x_wconf 89' lang='lat' dir='ltr'><strong>ille</strong></span> <span class='ocrx_word' id='word_1_567' title='bbox 1615 3599 1753 3655; x_wconf 82' lang='lat' dir='ltr'><strong>abnuatuit.</strong></span> <span class='ocrx_word' id='word_1_568' title='bbox 1766 3597 1797 3652; x_wconf 91' lang='lat' dir='ltr'><strong>lli</strong></span> <span class='ocrx_word' id='word_1_569' title='bbox 1811 3597 1859 3666; x_wconf 91' lang='lat' dir='ltr'><strong>qni</strong></span> <span class='ocrx_word' id='word_1_570' title='bbox 1876 3597 1921 3649; x_wconf 91' lang='lat' dir='ltr'><strong>in-</strong></span> 
     </span>
     <span class='ocr_line' id='line_1_50' title="bbox 1116 3690 1923 3764; baseline -0.016 -9"><span class='ocrx_word' id='word_1_571' title='bbox 1116 3700 1194 3755; x_wconf 84' lang='lat' dir='ltr'><strong>vitati</strong></span> <span class='ocrx_word' id='word_1_572' title='bbox 1212 3699 1318 3755; x_wconf 91' lang='lat' dir='ltr'><strong>loeraut</strong></span> <span class='ocrx_word' id='word_1_573' title='bbox 1336 3697 1370 3752; x_wconf 92' lang='lat' dir='ltr'><strong>ad</strong></span> <span class='ocrx_word' id='word_1_574' title='bbox 1391 3697 1511 3764; x_wconf 72' lang='lat' dir='ltr'><strong>numius,</strong></span> <span class='ocrx_word' id='word_1_575' title='bbox 1527 3695 1563 3750; x_wconf 93' lang='lat' dir='ltr'><strong>de</strong></span> <span class='ocrx_word' id='word_1_576' title='bbox 1583 3694 1696 3763; x_wconf 81' lang='lat' dir='ltr'><strong>sepibus</strong></span> <span class='ocrx_word' id='word_1_577' title='bbox 1708 3700 1736 3748; x_wconf 89' lang='lat' dir='ltr'><strong>et</strong></span> <span class='ocrx_word' id='word_1_578' title='bbox 1751 3690 1875 3762; x_wconf 75' lang='lat' dir='ltr'><strong>artqrrlis,</strong></span> <span class='ocrx_word' id='word_1_579' title='bbox 1892 3697 1923 3742; x_wconf 89' lang='lat' dir='ltr'><strong>et</strong></span> 
     </span>
     <span class='ocr_line' id='line_1_51' title="bbox 1118 3785 1919 3862; baseline -0.015 -16"><span class='ocrx_word' id='word_1_580' title='bbox 1118 3790 1226 3862; x_wconf 75' lang='lat' dir='ltr'><strong>plateis,</strong></span> <span class='ocrx_word' id='word_1_581' title='bbox 1242 3799 1271 3846; x_wconf 90' lang='lat' dir='ltr'><strong>et</strong></span> <span class='ocrx_word' id='word_1_582' title='bbox 1284 3789 1401 3845; x_wconf 86' lang='lat' dir='ltr'><strong>diversis</strong></span> <span class='ocrx_word' id='word_1_583' title='bbox 1413 3788 1491 3853; x_wconf 86' lang='lat' dir='ltr'><strong>locis,</strong></span> <span class='ocrx_word' id='word_1_584' title='bbox 1512 3801 1618 3843; x_wconf 86' lang='lat' dir='ltr'><strong>ctenatn</strong></span> <span class='ocrx_word' id='word_1_585' title='bbox 1636 3786 1710 3855; x_wconf 76' lang='lat' dir='ltr'><strong>regis</strong></span> <span class='ocrx_word' id='word_1_586' title='bbox 1724 3785 1919 3854; x_wconf 82' lang='lat' dir='ltr'><strong>impleuerant.</strong></span> 
     </span>
     <span class='ocr_line' id='line_1_52' title="bbox 1119 3876 1924 3954; baseline -0.014 -13"><span class='ocrx_word' id='word_1_587' title='bbox 1119 3884 1173 3942; x_wconf 83' lang='lat' dir='ltr'><strong>Sed</strong></span> <span class='ocrx_word' id='word_1_588' title='bbox 1190 3897 1285 3954; x_wconf 85' lang='lat' dir='ltr'><strong>postes</strong></span> <span class='ocrx_word' id='word_1_589' title='bbox 1300 3898 1361 3938; x_wconf 87' lang='lat' dir='ltr'><strong>cnm</strong></span> <span class='ocrx_word' id='word_1_590' title='bbox 1376 3884 1499 3937; x_wconf 85' lang='lat' dir='ltr'><strong>uenisset</strong></span> <span class='ocrx_word' id='word_1_591' title='bbox 1513 3895 1573 3944; x_wconf 83' lang='lat' dir='ltr'><strong>res,</strong></span> <span class='ocrx_word' id='word_1_592' title='bbox 1585 3889 1614 3934; x_wconf 86' lang='grc' dir='ltr'><strong>ιιι</strong></span> <span class='ocrx_word' id='word_1_593' title='bbox 1629 3879 1734 3935; x_wconf 84' lang='lat' dir='ltr'><strong>rideret</strong></span> <span class='ocrx_word' id='word_1_594' title='bbox 1746 3876 1924 3932; x_wconf 81' lang='lat' dir='ltr'><strong>discumben-</strong></span> 
     </span>
     <span class='ocr_line' id='line_1_53' title="bbox 1118 3968 1923 4042; baseline -0.011 -11"><span class='ocrx_word' id='word_1_595' title='bbox 1118 3988 1160 4033; x_wconf 75' lang='lat' dir='ltr'><strong>tes</strong></span> <span class='ocrx_word' id='word_1_596' title='bbox 1175 3978 1202 4034; x_wconf 81' lang='lat' dir='ltr'><strong>in</strong></span> <span class='ocrx_word' id='word_1_597' title='bbox 1214 3977 1340 4033; x_wconf 74' lang='lat' dir='ltr'><strong>counitio</strong></span> <span class='ocrx_word' id='word_1_598' title='bbox 1350 3989 1400 4029; x_wconf 90' lang='lat' dir='ltr'><strong>stto</strong></span> <span class='ocrx_word' id='word_1_599' title='bbox 1415 3972 1479 4042; x_wconf 76' lang='lat' dir='ltr'><strong>(lios</strong></span> <span class='ocrx_word' id='word_1_600' title='bbox 1489 3972 1576 4037; x_wconf 84' lang='lat' dir='ltr'><strong>esi‚itt</strong></span> <span class='ocrx_word' id='word_1_601' title='bbox 1589 3985 1639 4027; x_wconf 80' lang='lat' dir='ltr'><strong>soa</strong></span> <span class='ocrx_word' id='word_1_602' title='bbox 1651 3970 1728 4038; x_wconf 85' lang='lat' dir='ltr'><strong>quusi</strong></span> <span class='ocrx_word' id='word_1_603' title='bbox 1742 3969 1794 4024; x_wconf 86' lang='lat' dir='ltr'><strong>bde</strong></span> <span class='ocrx_word' id='word_1_604' title='bbox 1810 3968 1923 4034; x_wconf 81' lang='lat' dir='ltr'><strong>terpsic-</strong></span> 
     </span>
     <span class='ocr_line' id='line_1_54' title="bbox 1118 4059 1924 4136; baseline -0.02 -10"><span class='ocrx_word' id='word_1_605' title='bbox 1118 4080 1246 4131; x_wconf 77' lang='lat' dir='ltr'><strong>scentes:</strong></span> <span class='ocrx_word' id='word_1_606' title='bbox 1259 4076 1287 4121; x_wconf 90' lang='lat' dir='ltr'><strong>ot</strong></span> <span class='ocrx_word' id='word_1_607' title='bbox 1303 4070 1329 4122; x_wconf 93' lang='lat' dir='ltr'><strong>io</strong></span> <span class='ocrx_word' id='word_1_608' title='bbox 1341 4066 1385 4120; x_wconf 86' lang='lat' dir='ltr'><strong>die</strong></span> <span class='ocrx_word' id='word_1_609' title='bbox 1397 4065 1492 4136; x_wconf 75' lang='lat' dir='ltr'><strong>jorlieii</strong></span> <span class='ocrx_word' id='word_1_610' title='bbox 1504 4064 1614 4118; x_wconf 82' lang='lat' dir='ltr'><strong>uisitare</strong></span> <span class='ocrx_word' id='word_1_611' title='bbox 1624 4064 1768 4127; x_wconf 80' lang='lat' dir='ltr'><strong>conuiuas,</strong></span> <span class='ocrx_word' id='word_1_612' title='bbox 1780 4067 1809 4114; x_wconf 84' lang='lat' dir='ltr'><strong>et</strong></span> <span class='ocrx_word' id='word_1_613' title='bbox 1820 4059 1924 4113; x_wconf 80' lang='lat' dir='ltr'><strong>discor·</strong></span> 
     </span>
     <span class='ocr_line' id='line_1_55' title="bbox 1118 4153 1924 4228; baseline -0.015 -9"><span class='ocrx_word' id='word_1_614' title='bbox 1118 4170 1196 4218; x_wconf 88' lang='lat' dir='ltr'><strong>neret</strong></span> <span class='ocrx_word' id='word_1_615' title='bbox 1217 4162 1313 4214; x_wconf 85' lang='lat' dir='ltr'><strong>orerita</strong></span> <span class='ocrx_word' id='word_1_616' title='bbox 1327 4158 1534 4228; x_wconf 75' lang='lat' dir='ltr'><strong>singolorum),</strong></span> <span class='ocrx_word' id='word_1_617' title='bbox 1559 4157 1665 4210; x_wconf 82' lang='lat' dir='ltr'><strong>inuenit</strong></span> <span class='ocrx_word' id='word_1_618' title='bbox 1684 4169 1769 4208; x_wconf 90' lang='grc' dir='ltr'><strong>ιιιιιιιιι</strong></span> <span class='ocrx_word' id='word_1_619' title='bbox 1781 4153 1828 4224; x_wconf 90' lang='lat' dir='ltr'><strong>qui</strong></span> <span class='ocrx_word' id='word_1_620' title='bbox 1846 4163 1924 4207; x_wconf 81' lang='lat' dir='ltr'><strong>ueste</strong></span> 
     </span>
     <span class='ocr_line' id='line_1_56' title="bbox 1119 4245 1923 4322; baseline -0.016 -10"><span class='ocrx_word' id='word_1_621' title='bbox 1119 4257 1228 4312; x_wconf 88' lang='lat' dir='ltr'><strong>indotos</strong></span> <span class='ocrx_word' id='word_1_622' title='bbox 1249 4269 1302 4309; x_wconf 92' lang='lat' dir='ltr'><strong>non</strong></span> <span class='ocrx_word' id='word_1_623' title='bbox 1318 4265 1375 4309; x_wconf 88' lang='lat' dir='ltr'><strong>erat</strong></span> <span class='ocrx_word' id='word_1_624' title='bbox 1400 4251 1524 4322; x_wconf 88' lang='lat' dir='ltr'><strong>nuptiali.</strong></span> <span class='ocrx_word' id='word_1_625' title='bbox 1538 4248 1614 4307; x_wconf 77' lang='lat' dir='ltr'><strong>Uirtus</strong></span> <span class='ocrx_word' id='word_1_626' title='bbox 1637 4251 1708 4317; x_wconf 88' lang='lat' dir='ltr'><strong>iste,</strong></span> <span class='ocrx_word' id='word_1_627' title='bbox 1729 4257 1855 4300; x_wconf 70' lang='lat' dir='ltr'><strong>somnes</strong></span> <span class='ocrx_word' id='word_1_628' title='bbox 1876 4245 1923 4314; x_wconf 75' lang='lat' dir='ltr'><strong>rpoi</strong></span> 
     </span>
     <span class='ocr_line' id='line_1_57' title="bbox 1119 4342 1926 4416; baseline -0.016 -10"><span class='ocrx_word' id='word_1_629' title='bbox 1119 4350 1216 4406; x_wconf 86' lang='lat' dir='ltr'><strong>sociati</strong></span> <span class='ocrx_word' id='word_1_630' title='bbox 1230 4357 1295 4402; x_wconf 87' lang='lat' dir='ltr'><strong>sum</strong></span> <span class='ocrx_word' id='word_1_631' title='bbox 1309 4346 1413 4402; x_wconf 87' lang='lat' dir='ltr'><strong>malitia</strong></span> <span class='ocrx_word' id='word_1_632' title='bbox 1430 4345 1629 4416; x_wconf 80' lang='lat' dir='ltr'><strong>intelliguntur.</strong></span> <span class='ocrx_word' id='word_1_633' title='bbox 1650 4342 1741 4398; x_wconf 81' lang='lat' dir='ltr'><strong>Vestis</strong></span> <span class='ocrx_word' id='word_1_634' title='bbox 1755 4349 1847 4396; x_wconf 87' lang='lat' dir='ltr'><strong>antem</strong></span> <span class='ocrx_word' id='word_1_635' title='bbox 1875 4356 1926 4394; x_wconf 90' lang='lat' dir='ltr'><strong>ott·</strong></span> 
     </span>
     <span class='ocr_line' id='line_1_58' title="bbox 1121 4431 1927 4513; baseline -0.012 -19"><span class='ocrx_word' id='word_1_636' title='bbox 1121 4441 1223 4513; x_wconf 79' lang='lat' dir='ltr'><strong>primis,</strong></span> <span class='ocrx_word' id='word_1_637' title='bbox 1231 4449 1366 4511; x_wconf 76' lang='lat' dir='ltr'><strong>precepta</strong></span> <span class='ocrx_word' id='word_1_638' title='bbox 1377 4449 1440 4494; x_wconf 92' lang='lat' dir='ltr'><strong>sont</strong></span> <span class='ocrx_word' id='word_1_639' title='bbox 1451 4437 1570 4502; x_wconf 70' lang='lat' dir='ltr'><strong>urimini,</strong></span> <span class='ocrx_word' id='word_1_640' title='bbox 1579 4446 1608 4493; x_wconf 92' lang='lat' dir='ltr'><strong>et</strong></span> <span class='ocrx_word' id='word_1_641' title='bbox 1619 4451 1703 4507; x_wconf 86' lang='lat' dir='ltr'><strong>opera</strong></span> <span class='ocrx_word' id='word_1_642' title='bbox 1712 4431 1927 4503; x_wconf 76' lang='lat' dir='ltr'><strong>rptrmrrnupleo-</strong></span> 
     </span>
     <span class='ocr_line' id='line_1_59' title="bbox 1123 4522 1927 4602; baseline -0.015 -12"><span class='ocrx_word' id='word_1_643' title='bbox 1123 4543 1166 4590; x_wconf 92' lang='lat' dir='ltr'><strong>tor</strong></span> <span class='ocrx_word' id='word_1_644' title='bbox 1179 4550 1213 4590; x_wconf 83' lang='lat' dir='ltr'><strong>cs</strong></span> <span class='ocrx_word' id='word_1_645' title='bbox 1233 4535 1291 4602; x_wconf 80' lang='lat' dir='ltr'><strong>leqc</strong></span> <span class='ocrx_word' id='word_1_646' title='bbox 1306 4544 1333 4588; x_wconf 92' lang='lat' dir='ltr'><strong>et</strong></span> <span class='ocrx_word' id='word_1_647' title='bbox 1351 4531 1518 4602; x_wconf 74' lang='lat' dir='ltr'><strong>Evangelio,</strong></span> <span class='ocrx_word' id='word_1_648' title='bbox 1536 4530 1655 4600; x_wconf 86' lang='lat' dir='ltr'><strong>notique</strong></span> <span class='ocrx_word' id='word_1_649' title='bbox 1668 4526 1787 4581; x_wconf 90' lang='lat' dir='ltr'><strong>bominis</strong></span> <span class='ocrx_word' id='word_1_650' title='bbox 1801 4522 1865 4578; x_wconf 78' lang='lat' dir='ltr'><strong>eliac</strong></span> <span class='ocrx_word' id='word_1_651' title='bbox 1876 4533 1927 4578; x_wconf 84' lang='grc' dir='ltr'><strong>ιιιιι</strong></span> 
     </span>
    </p>
   </div>
   <div class='ocr_carea' id='block_1_6' title="bbox 270 4605 1927 4698">
    <p class='ocr_par' dir='ltr' id='par_1_7' title="bbox 270 4605 1927 4698">
     <span class='ocr_line' id='line_1_60' title="bbox 270 4605 1927 4698; baseline -0.007 -15"><span class='ocrx_word' id='word_1_652' title='bbox 270 4627 392 4693; x_wconf 77' lang='lat' dir='ltr'><strong>litatem.</strong></span> <span class='ocrx_word' id='word_1_653' title='bbox 407 4638 432 4683; x_wconf 89' lang='lat' dir='ltr'><strong>et</strong></span> <span class='ocrx_word' id='word_1_654' title='bbox 447 4638 536 4683; x_wconf 87' lang='lat' dir='ltr'><strong>tentos</strong></span> <span class='ocrx_word' id='word_1_655' title='bbox 547 4641 641 4683; x_wconf 85' lang='lat' dir='ltr'><strong>seruos</strong></span> <span class='ocrx_word' id='word_1_656' title='bbox 656 4628 747 4698; x_wconf 72' lang='lat' dir='ltr'><strong>repis,</strong></span> <span class='ocrx_word' id='word_1_657' title='bbox 762 4625 805 4682; x_wconf 84' lang='lat' dir='ltr'><strong>tel</strong></span> <span class='ocrx_word' id='word_1_658' title='bbox 820 4627 990 4683; x_wconf 89' lang='lat' dir='ltr'><strong>contumeliis</strong></span> <span class='ocrx_word' id='word_1_659' title='bbox 1003 4628 1069 4682; x_wconf 87' lang='lat' dir='ltr'><strong>alle·</strong></span> <span class='ocrx_word' id='word_1_660' title='bbox 1084 4605 1109 4667; x_wconf 73' lang='grc' dir='ltr'>ὓ</span> <span class='ocrx_word' id='word_1_661' title='bbox 1122 4628 1325 4683; x_wconf 81' lang='lat' dir='ltr'><strong>vestimentum.</strong></span> <span class='ocrx_word' id='word_1_662' title='bbox 1338 4625 1367 4682; x_wconf 89' lang='lat' dir='ltr'><strong>Si</strong></span> <span class='ocrx_word' id='word_1_663' title='bbox 1383 4624 1443 4696; x_wconf 88' lang='lat' dir='ltr'><strong>quis</strong></span> <span class='ocrx_word' id='word_1_664' title='bbox 1455 4626 1536 4696; x_wconf 78' lang='lat' dir='ltr'><strong>iqitur</strong></span> <span class='ocrx_word' id='word_1_665' title='bbox 1548 4624 1575 4679; x_wconf 92' lang='lat' dir='ltr'><strong>in</strong></span> <span class='ocrx_word' id='word_1_666' title='bbox 1589 4619 1818 4693; x_wconf 77' lang='lat' dir='ltr'><strong>temporeJodicii</strong></span> <span class='ocrx_word' id='word_1_667' title='bbox 1833 4620 1927 4672; x_wconf 82' lang='lat' dir='ltr'><strong>insen-</strong></span> 
     </span>
    </p>
   </div>
   <div class='ocr_carea' id='block_1_7' title="bbox 268 4719 1070 4791">
    <p class='ocr_par' dir='ltr' id='par_1_8' title="bbox 268 4719 1070 4791">
     <span class='ocr_line' id='line_1_61' title="bbox 268 4719 1070 4791; baseline -0.004 -15"><span class='ocrx_word' id='word_1_668' title='bbox 268 4720 428 4788; x_wconf 87' lang='lat' dir='ltr'><strong>cerunt,tel</strong></span> <span class='ocrx_word' id='word_1_669' title='bbox 439 4720 607 4775; x_wconf 85' lang='lat' dir='ltr'><strong>occiderunt.</strong></span> <span class='ocrx_word' id='word_1_670' title='bbox 620 4719 649 4776; x_wconf 93' lang='lat' dir='ltr'><strong>ln</strong></span> <span class='ocrx_word' id='word_1_671' title='bbox 663 4719 714 4774; x_wconf 83' lang='lat' dir='ltr'><strong>boc</strong></span> <span class='ocrx_word' id='word_1_672' title='bbox 726 4719 854 4791; x_wconf 88' lang='lat' dir='ltr'><strong>parabola</strong></span> <span class='ocrx_word' id='word_1_673' title='bbox 870 4719 963 4790; x_wconf 90' lang='lat' dir='ltr'><strong>sponsi</strong></span> <span class='ocrx_word' id='word_1_674' title='bbox 973 4719 1070 4776; x_wconf 89' lang='lat' dir='ltr'><strong>siletur</strong></span> 
     </span>
    </p>
   </div>
   <div class='ocr_carea' id='block_1_8' title="bbox 269 4984 1067 5136">
    <p class='ocr_par' dir='ltr' id='par_1_9' title="bbox 269 4984 1067 5136">
     <span class='ocr_line' id='line_1_62' title="bbox 307 4984 1067 5062; baseline -0.007 -15"><span class='ocrx_word' id='word_1_675' title='bbox 307 5001 321 5028; x_wconf 79' lang='lat'><strong>¹</strong></span> <span class='ocrx_word' id='word_1_676' title='bbox 333 4989 434 5047; x_wconf 85' lang='lat' dir='ltr'><strong>Vocem</strong></span> <span class='ocrx_word' id='word_1_677' title='bbox 457 4989 555 5062; x_wconf 82' lang='lat' dir='ltr'><strong>impetu</strong></span> <span class='ocrx_word' id='word_1_678' title='bbox 575 5001 641 5044; x_wconf 89' lang='lat' dir='ltr'><strong>mss.</strong></span> <span class='ocrx_word' id='word_1_679' title='bbox 658 4987 746 5041; x_wconf 89' lang='lat' dir='ltr'><strong>nostri</strong></span> <span class='ocrx_word' id='word_1_680' title='bbox 760 4984 909 5042; x_wconf 79' lang='lat' dir='ltr'><strong>sollicitant.</strong></span> <span class='ocrx_word' id='word_1_681' title='bbox 925 4985 1013 5042; x_wconf 84' lang='lat' dir='ltr'><strong>bntca</strong></span> <span class='ocrx_word' id='word_1_682' title='bbox 1030 4986 1067 5042; x_wconf 91' lang='lat' dir='ltr'><strong>le·</strong></span> 
     </span>
     <span class='ocr_line' id='line_1_63' title="bbox 269 5057 949 5136; baseline -0.009 -18"><span class='ocrx_word' id='word_1_683' title='bbox 269 5063 385 5136; x_wconf 74' lang='lat' dir='ltr'><strong>gelantur</strong></span> <span class='ocrx_word' id='word_1_684' title='bbox 398 5061 606 5130; x_wconf 80' lang='lat' dir='ltr'><strong>diuemoromque</strong></span> <span class='ocrx_word' id='word_1_685' title='bbox 619 5069 751 5114; x_wconf 82' lang='lat' dir='ltr'><strong>serstorum</strong></span> <span class='ocrx_word' id='word_1_686' title='bbox 764 5059 814 5112; x_wconf 87' lang='lat' dir='ltr'><strong>buc</strong></span> <span class='ocrx_word' id='word_1_687' title='bbox 827 5057 949 5125; x_wconf 90' lang='lat' dir='ltr'><strong>illacque.</strong></span> 
     </span>
    </p>
   </div>
   <div class='ocr_carea' id='block_1_9' title="bbox 1122 4713 1925 4776">
    <p class='ocr_par' dir='ltr' id='par_1_10' title="bbox 1122 4713 1925 4776">
     <span class='ocr_line' id='line_1_64' title="bbox 1122 4713 1925 4776; baseline -0.012 0"><span class='ocrx_word' id='word_1_688' title='bbox 1122 4729 1166 4776; x_wconf 89' lang='lat' dir='ltr'><strong>tos</strong></span> <span class='ocrx_word' id='word_1_689' title='bbox 1182 4718 1264 4776; x_wconf 80' lang='lat' dir='ltr'><strong>luserit</strong></span> <span class='ocrx_word' id='word_1_690' title='bbox 1276 4719 1327 4774; x_wconf 88' lang='lat' dir='ltr'><strong>sub</strong></span> <span class='ocrx_word' id='word_1_691' title='bbox 1343 4715 1621 4772; x_wconf 84' lang='lat' dir='ltr'><strong>nominerristiano</strong></span> <span class='ocrx_word' id='word_1_692' title='bbox 1635 4730 1690 4772; x_wconf 91' lang='lat' dir='ltr'><strong>oon</strong></span> <span class='ocrx_word' id='word_1_693' title='bbox 1705 4713 1807 4770; x_wconf 83' lang='lat' dir='ltr'><strong>babere</strong></span> <span class='ocrx_word' id='word_1_694' title='bbox 1817 4721 1925 4768; x_wconf 86' lang='lat' dir='ltr'><strong>uestem</strong></span> 
     </span>
    </p>
   </div>
   <div class='ocr_carea' id='block_1_10' title="bbox 1158 4980 1930 5056">
    <p class='ocr_par' dir='ltr' id='par_1_11' title="bbox 1158 4980 1930 5056">
     <span class='ocr_line' id='line_1_65' title="bbox 1158 4980 1930 5056; baseline -0.001 -18"><span class='ocrx_word' id='word_1_695' title='bbox 1158 4995 1170 5024; x_wconf 68' lang='lat' dir='ltr'><strong>s</strong></span> <span class='ocrx_word' id='word_1_696' title='bbox 1187 4983 1286 5040; x_wconf 87' lang='lat' dir='ltr'><strong>lterum</strong></span> <span class='ocrx_word' id='word_1_697' title='bbox 1302 4999 1336 5038; x_wconf 83' lang='lat' dir='ltr'><strong>ex</strong></span> <span class='ocrx_word' id='word_1_698' title='bbox 1350 4980 1483 5053; x_wconf 80' lang='lat' dir='ltr'><strong>Origine:</strong></span> <span class='ocrx_word' id='word_1_699' title='bbox 1500 4981 1547 5038; x_wconf 87' lang='lat' dir='ltr'><strong>lrn</strong></span> <span class='ocrx_word' id='word_1_700' title='bbox 1561 4985 1629 5056; x_wconf 81' lang='lat' dir='ltr'><strong>repis</strong></span> <span class='ocrx_word' id='word_1_701' title='bbox 1647 5000 1677 5040; x_wconf 90' lang='lat' dir='ltr'><strong>eo</strong></span> <span class='ocrx_word' id='word_1_702' title='bbox 1694 4983 1865 5052; x_wconf 83' lang='lat' dir='ltr'><strong>iutellipitur‚</strong></span> <span class='ocrx_word' id='word_1_703' title='bbox 1880 5000 1930 5037; x_wconf 88' lang='lat' dir='ltr'><strong>cn-</strong></span> 
     </span>
    </p>
   </div>
   <div class='ocr_carea' id='block_1_11' title="bbox 1119 5055 1928 5128">
    <p class='ocr_par' dir='ltr' id='par_1_12' title="bbox 1119 5055 1928 5128">
     <span class='ocr_line' id='line_1_66' title="bbox 1119 5055 1928 5128; baseline 0.001 -16"><span class='ocrx_word' id='word_1_704' title='bbox 1119 5059 1162 5128; x_wconf 78' lang='lat' dir='ltr'><strong>p’tts</strong></span> <span class='ocrx_word' id='word_1_705' title='bbox 1182 5057 1213 5111; x_wconf 89' lang='lat' dir='ltr'><strong>tle</strong></span> <span class='ocrx_word' id='word_1_706' title='bbox 1230 5056 1332 5110; x_wconf 79' lang='lat' dir='ltr'><strong>ludaeis</strong></span> <span class='ocrx_word' id='word_1_707' title='bbox 1355 5055 1482 5122; x_wconf 81' lang='lat' dir='ltr'><strong>loquens,</strong></span> <span class='ocrx_word' id='word_1_708' title='bbox 1507 5056 1649 5127; x_wconf 80' lang='lat' dir='ltr'><strong>Apostolus</strong></span> <span class='ocrx_word' id='word_1_709' title='bbox 1672 5055 1829 5110; x_wconf 83' lang='lat' dir='ltr'><strong>mentionem</strong></span> <span class='ocrx_word' id='word_1_710' title='bbox 1852 5056 1928 5126; x_wconf 68' lang='lat' dir='ltr'><strong>fucit.</strong></span> 
     </span>
    </p>
   </div>
   <div class='ocr_carea' id='block_1_12' title="bbox 307 5125 1929 5204">
    <p class='ocr_par' dir='ltr' id='par_1_13' title="bbox 307 5125 1929 5204">
     <span class='ocr_line' id='line_1_67' title="bbox 307 5125 1929 5204; baseline -0.003 -18"><span class='ocrx_word' id='word_1_711' title='bbox 307 5133 483 5204; x_wconf 76' lang='lat' dir='ltr'><strong>benignos,</strong></span> <span class='ocrx_word' id='word_1_712' title='bbox 505 5131 655 5194; x_wconf 73' lang='lat' dir='ltr'><strong>Nimirum,</strong></span> <span class='ocrx_word' id='word_1_713' title='bbox 681 5129 784 5196; x_wconf 83' lang='lat' dir='ltr'><strong>inquit,</strong></span> <span class='ocrx_word' id='word_1_714' title='bbox 804 5127 880 5182; x_wconf 84' lang='lat' dir='ltr'><strong>bomo</strong></span> <span class='ocrx_word' id='word_1_715' title='bbox 903 5145 949 5183; x_wconf 77' lang='lat' dir='ltr'><strong>res</strong></span> <span class='ocrx_word' id='word_1_716' title='bbox 973 5129 1070 5191; x_wconf 86' lang='lat' dir='ltr'><strong>tropice</strong></span> <span class='ocrx_word' id='word_1_717' title='bbox 1122 5128 1251 5184; x_wconf 80' lang='lat' dir='ltr'><strong>Peruenit</strong></span> <span class='ocrx_word' id='word_1_718' title='bbox 1273 5135 1362 5182; x_wconf 90' lang='lat' dir='ltr'><strong>autem</strong></span> <span class='ocrx_word' id='word_1_719' title='bbox 1386 5129 1424 5180; x_wconf 85' lang='lat' dir='ltr'><strong>ica</strong></span> <span class='ocrx_word' id='word_1_720' title='bbox 1451 5141 1533 5196; x_wconf 87' lang='lat' dir='ltr'><strong>super</strong></span> <span class='ocrx_word' id='word_1_721' title='bbox 1556 5128 1617 5180; x_wconf 60' lang='lat' dir='ltr'><strong>illos¹</strong></span> <span class='ocrx_word' id='word_1_722' title='bbox 1633 5142 1720 5195; x_wconf 88' lang='lat' dir='ltr'><strong>usque</strong></span> <span class='ocrx_word' id='word_1_723' title='bbox 1734 5128 1760 5180; x_wconf 91' lang='lat' dir='ltr'><strong>in</strong></span> <span class='ocrx_word' id='word_1_724' title='bbox 1777 5125 1872 5180; x_wconf 88' lang='lat' dir='ltr'><strong>linero.</strong></span> <span class='ocrx_word' id='word_1_725' title='bbox 1889 5129 1929 5181; x_wconf 81' lang='lat' dir='ltr'><strong>Al</strong></span> 
     </span>
    </p>
   </div>
   <div class='ocr_carea' id='block_1_13' title="bbox 270 5200 1074 5492">
    <p class='ocr_par' dir='ltr' id='par_1_14' title="bbox 270 5200 1074 5492">
     <span class='ocr_line' id='line_1_68' title="bbox 273 5200 1071 5268; baseline -0.009 -7"><span class='ocrx_word' id='word_1_726' title='bbox 273 5205 344 5261; x_wconf 82' lang='lat' dir='ltr'><strong>Deus</strong></span> <span class='ocrx_word' id='word_1_727' title='bbox 361 5215 387 5260; x_wconf 91' lang='lat' dir='ltr'><strong>et</strong></span> <span class='ocrx_word' id='word_1_728' title='bbox 402 5203 498 5259; x_wconf 82' lang='lat' dir='ltr'><strong>Gbristi</strong></span> <span class='ocrx_word' id='word_1_729' title='bbox 512 5202 591 5257; x_wconf 83' lang='lat' dir='ltr'><strong>Potor</strong></span> <span class='ocrx_word' id='word_1_730' title='bbox 604 5218 657 5256; x_wconf 84' lang='lat' dir='ltr'><strong>erse</strong></span> <span class='ocrx_word' id='word_1_731' title='bbox 679 5201 789 5263; x_wconf 84' lang='lat' dir='ltr'><strong>dicitur,</strong></span> <span class='ocrx_word' id='word_1_732' title='bbox 805 5201 906 5268; x_wconf 81' lang='lat' dir='ltr'><strong>neptim</strong></span> <span class='ocrx_word' id='word_1_733' title='bbox 919 5209 1006 5254; x_wconf 88' lang='lat' dir='ltr'><strong>nutem</strong></span> <span class='ocrx_word' id='word_1_734' title='bbox 1022 5200 1071 5268; x_wconf 70' lang='lat' dir='ltr'><strong>tbi</strong></span> 
     </span>
     <span class='ocr_line' id='line_1_69' title="bbox 270 5267 1070 5348; baseline -0.009 -17"><span class='ocrx_word' id='word_1_735' title='bbox 270 5277 350 5348; x_wconf 82' lang='lat' dir='ltr'><strong>repis,</strong></span> <span class='ocrx_word' id='word_1_736' title='bbox 362 5274 478 5332; x_wconf 81' lang='lat' dir='ltr'><strong>Ecclesia</strong></span> <span class='ocrx_word' id='word_1_737' title='bbox 490 5273 587 5330; x_wconf 83' lang='lat' dir='ltr'><strong>Citristi</strong></span> <span class='ocrx_word' id='word_1_738' title='bbox 601 5287 805 5345; x_wconf 85' lang='lat' dir='ltr'><strong>spoortespoose</strong></span> <span class='ocrx_word' id='word_1_739' title='bbox 820 5271 900 5342; x_wconf 77' lang='lat' dir='ltr'><strong>ipsine</strong></span> <span class='ocrx_word' id='word_1_740' title='bbox 914 5267 1015 5324; x_wconf 79' lang='lat' dir='ltr'><strong>Gloriam</strong></span> <span class='ocrx_word' id='word_1_741' title='bbox 1030 5289 1070 5324; x_wconf 85' lang='lat' dir='ltr'><strong>rc-</strong></span> 
     </span>
     <span class='ocr_line' id='line_1_70' title="bbox 272 5342 1074 5412; baseline -0.009 -9"><span class='ocrx_word' id='word_1_742' title='bbox 272 5348 389 5412; x_wconf 84' lang='lat' dir='ltr'><strong>stitutio;</strong></span> <span class='ocrx_word' id='word_1_743' title='bbox 404 5348 470 5402; x_wconf 76' lang='lat' dir='ltr'><strong>scari</strong></span> <span class='ocrx_word' id='word_1_744' title='bbox 485 5362 543 5401; x_wconf 86' lang='lat' dir='ltr'><strong>nero</strong></span> <span class='ocrx_word' id='word_1_745' title='bbox 556 5345 590 5399; x_wconf 88' lang='lat' dir='ltr'><strong>od</strong></span> <span class='ocrx_word' id='word_1_746' title='bbox 604 5345 733 5398; x_wconf 80' lang='lat' dir='ltr'><strong>vorandos</strong></span> <span class='ocrx_word' id='word_1_747' title='bbox 755 5359 797 5396; x_wconf 86' lang='lat' dir='ltr'><strong>cos</strong></span> <span class='ocrx_word' id='word_1_748' title='bbox 819 5342 902 5406; x_wconf 75' lang='lat' dir='ltr'><strong>irrisui,</strong></span> <span class='ocrx_word' id='word_1_749' title='bbox 919 5343 963 5408; x_wconf 87' lang='lat' dir='ltr'><strong>qni</strong></span> <span class='ocrx_word' id='word_1_750' title='bbox 975 5343 1010 5395; x_wconf 84' lang='lat' dir='ltr'><strong>orl</strong></span> <span class='ocrx_word' id='word_1_751' title='bbox 1025 5359 1074 5396; x_wconf 89' lang='lat' dir='ltr'><strong>nu·</strong></span> 
     </span>
     <span class='ocr_line' id='line_1_71' title="bbox 272 5413 1073 5492; baseline -0.004 -22"><span class='ocrx_word' id='word_1_752' title='bbox 272 5420 341 5492; x_wconf 85' lang='lat' dir='ltr'><strong>ptios</strong></span> <span class='ocrx_word' id='word_1_753' title='bbox 363 5419 466 5490; x_wconf 77' lang='lat' dir='ltr'><strong>sererent</strong></span> <span class='ocrx_word' id='word_1_754' title='bbox 485 5418 598 5482; x_wconf 82' lang='lat' dir='ltr'><strong>inuitati,</strong></span> <span class='ocrx_word' id='word_1_755' title='bbox 618 5416 637 5469; x_wconf 87' lang='lat' dir='ltr'><strong>ii</strong></span> <span class='ocrx_word' id='word_1_756' title='bbox 651 5424 710 5470; x_wconf 87' lang='lat' dir='ltr'><strong>sttnt</strong></span> <span class='ocrx_word' id='word_1_757' title='bbox 728 5413 860 5484; x_wconf 77' lang='lat' dir='ltr'><strong>propbetas</strong></span> <span class='ocrx_word' id='word_1_758' title='bbox 874 5414 1004 5466; x_wconf 85' lang='lat' dir='ltr'><strong>roticiniis</strong></span> <span class='ocrx_word' id='word_1_759' title='bbox 1019 5417 1073 5468; x_wconf 84' lang='lat' dir='ltr'><strong>artis</strong></span> 
     </span>
    </p>
   </div>
   <div class='ocr_carea' id='block_1_14' title="bbox 273 5485 1076 5563">
    <p class='ocr_par' dir='ltr' id='par_1_15' title="bbox 273 5485 1076 5563">
     <span class='ocr_line' id='line_1_72' title="bbox 273 5485 1076 5563; baseline -0.012 -16"><span class='ocrx_word' id='word_1_760' title='bbox 273 5507 328 5559; x_wconf 84' lang='lat' dir='ltr'><strong>eos,</strong></span> <span class='ocrx_word' id='word_1_761' title='bbox 342 5491 416 5563; x_wconf 88' lang='lat' dir='ltr'><strong>quie</strong></span> <span class='ocrx_word' id='word_1_762' title='bbox 433 5489 530 5563; x_wconf 86' lang='lat' dir='ltr'><strong>popule</strong></span> <span class='ocrx_word' id='word_1_763' title='bbox 550 5497 611 5542; x_wconf 85' lang='lat' dir='ltr'><strong>attat</strong></span> <span class='ocrx_word' id='word_1_764' title='bbox 629 5486 664 5541; x_wconf 81' lang='lat' dir='ltr'><strong>od</strong></span> <span class='ocrx_word' id='word_1_765' title='bbox 677 5486 794 5540; x_wconf 80' lang='lat' dir='ltr'><strong>letitiam</strong></span> <span class='ocrx_word' id='word_1_766' title='bbox 810 5485 957 5557; x_wconf 84' lang='lat' dir='ltr'><strong>tempestiue</strong></span> <span class='ocrx_word' id='word_1_767' title='bbox 970 5499 1076 5539; x_wconf 83' lang='lat' dir='ltr'><strong>conuer-</strong></span> 
     </span>
    </p>
   </div>
   <div class='ocr_carea' id='block_1_15' title="bbox 274 5570 1075 5772">
    <p class='ocr_par' dir='ltr' id='par_1_16' title="bbox 274 5570 1075 5772">
     <span class='ocr_line' id='line_1_73' title="bbox 274 5570 1075 5702; baseline -0.01 -16"><span class='ocrx_word' id='word_1_768' title='bbox 274 5570 429 5702; x_wconf 43' lang='lat' dir='ltr'><strong>tentoeltl’th&#39;tie&#39;</strong></span> <span class='ocrx_word' id='word_1_769' title='bbox 445 5631 480 5685; x_wconf 93' lang='lat' dir='ltr'><strong>ita</strong></span> <span class='ocrx_word' id='word_1_770' title='bbox 501 5629 610 5700; x_wconf 87' lang='lat' dir='ltr'><strong>quidem</strong></span> <span class='ocrx_word' id='word_1_771' title='bbox 630 5627 745 5684; x_wconf 83' lang='lat' dir='ltr'><strong>nturinm</strong></span> <span class='ocrx_word' id='word_1_772' title='bbox 763 5641 876 5682; x_wconf 88' lang='lat' dir='ltr'><strong>nttrnero</strong></span> <span class='ocrx_word' id='word_1_773' title='bbox 891 5642 975 5680; x_wconf 63' lang='lat' dir='ltr'><strong>seruos</strong></span> <span class='ocrx_word' id='word_1_774' title='bbox 989 5625 1075 5680; x_wconf 82' lang='lat' dir='ltr'><strong>Vero-</strong></span> 
     </span>
     <span class='ocr_line' id='line_1_74' title="bbox 276 5697 1022 5772; baseline -0.011 -14"><span class='ocrx_word' id='word_1_775' title='bbox 276 5705 372 5759; x_wconf 71' lang='lat' dir='ltr'><strong>nensis</strong></span> <span class='ocrx_word' id='word_1_776' title='bbox 389 5701 558 5772; x_wconf 78' lang='lat' dir='ltr'><strong>Evangelior.</strong></span> <span class='ocrx_word' id='word_1_777' title='bbox 575 5701 660 5755; x_wconf 81' lang='lat' dir='ltr'><strong>codex</strong></span> <span class='ocrx_word' id='word_1_778' title='bbox 676 5699 886 5766; x_wconf 77' lang='lat' dir='ltr'><strong>antiquissimos</strong></span> <span class='ocrx_word' id='word_1_779' title='bbox 901 5697 1022 5767; x_wconf 82' lang='lat' dir='ltr'><strong>praelcrt.</strong></span> 
     </span>
    </p>
   </div>
   <div class='ocr_carea' id='block_1_16' title="bbox 1122 5195 1933 5766">
    <p class='ocr_par' dir='ltr' id='par_1_17' title="bbox 1122 5195 1931 5411">
     <span class='ocr_line' id='line_1_75' title="bbox 1122 5195 1928 5268; baseline -0.002 -15"><span class='ocrx_word' id='word_1_780' title='bbox 1122 5200 1178 5255; x_wconf 87' lang='lat' dir='ltr'><strong>ltoec</strong></span> <span class='ocrx_word' id='word_1_781' title='bbox 1189 5199 1285 5253; x_wconf 79' lang='lat' dir='ltr'><strong>bellum</strong></span> <span class='ocrx_word' id='word_1_782' title='bbox 1298 5197 1421 5252; x_wconf 69' lang='lat' dir='ltr'><strong>otluersus</strong></span> <span class='ocrx_word' id='word_1_783' title='bbox 1429 5196 1539 5252; x_wconf 77' lang='lat' dir='ltr'><strong>latomos</strong></span> <span class='ocrx_word' id='word_1_784' title='bbox 1548 5198 1711 5264; x_wconf 63' lang='lat' dir='ltr'><strong>metuendum,</strong></span> <span class='ocrx_word' id='word_1_785' title='bbox 1723 5206 1747 5250; x_wconf 88' lang='lat' dir='ltr'><strong>et</strong></span> <span class='ocrx_word' id='word_1_786' title='bbox 1755 5195 1928 5268; x_wconf 72' lang='lat' dir='ltr'><strong>ierosolymi-</strong></span> 
     </span>
     <span class='ocr_line' id='line_1_76' title="bbox 1123 5267 1931 5342; baseline -0.005 -15"><span class='ocrx_word' id='word_1_787' title='bbox 1123 5281 1212 5327; x_wconf 87' lang='lat' dir='ltr'><strong>tanum</strong></span> <span class='ocrx_word' id='word_1_788' title='bbox 1233 5269 1361 5324; x_wconf 79' lang='lat' dir='ltr'><strong>escidium</strong></span> <span class='ocrx_word' id='word_1_789' title='bbox 1380 5267 1523 5342; x_wconf 82' lang='lat' dir='ltr'><strong>populique</strong></span> <span class='ocrx_word' id='word_1_790' title='bbox 1544 5279 1603 5341; x_wconf 86' lang='lat' dir='ltr'><strong>post</strong></span> <span class='ocrx_word' id='word_1_791' title='bbox 1623 5270 1720 5324; x_wconf 84' lang='lat' dir='ltr'><strong>Gbriati</strong></span> <span class='ocrx_word' id='word_1_792' title='bbox 1735 5269 1872 5322; x_wconf 85' lang='lat' dir='ltr'><strong>adrentum</strong></span> <span class='ocrx_word' id='word_1_793' title='bbox 1890 5271 1931 5324; x_wconf 86' lang='lat' dir='ltr'><strong>bis</strong></span> 
     </span>
     <span class='ocr_line' id='line_1_77' title="bbox 1123 5341 1422 5411; baseline 0 -16"><span class='ocrx_word' id='word_1_794' title='bbox 1123 5342 1206 5396; x_wconf 83' lang='lat' dir='ltr'><strong>serbis</strong></span> <span class='ocrx_word' id='word_1_795' title='bbox 1219 5341 1422 5411; x_wconf 87' lang='lat' dir='ltr'><strong>prnmurttiotur.</strong></span> 
     </span>
    </p>

    <p class='ocr_par' dir='ltr' id='par_1_18' title="bbox 1126 5410 1932 5610">
     <span class='ocr_line' id='line_1_78' title="bbox 1164 5410 1932 5482; baseline 0 -16"><span class='ocrx_word' id='word_1_796' title='bbox 1164 5411 1173 5450; x_wconf 74' lang='lat'><em>¹</em></span> <span class='ocrx_word' id='word_1_797' title='bbox 1199 5412 1379 5467; x_wconf 86' lang='lat' dir='ltr'><strong>Continettter</strong></span> <span class='ocrx_word' id='word_1_798' title='bbox 1407 5413 1562 5467; x_wconf 85' lang='lat' dir='ltr'><strong>boomamit</strong></span> <span class='ocrx_word' id='word_1_799' title='bbox 1586 5410 1708 5479; x_wconf 69' lang='lat' dir='ltr'><strong>vestigiis</strong></span> <span class='ocrx_word' id='word_1_800' title='bbox 1732 5411 1856 5476; x_wconf 82' lang='lat' dir='ltr'><strong>insistit,</strong></span> <span class='ocrx_word' id='word_1_801' title='bbox 1883 5412 1932 5482; x_wconf 89' lang='lat' dir='ltr'><strong>qtti</strong></span> 
     </span>
     <span class='ocr_line' id='line_1_79' title="bbox 1126 5483 1932 5567; baseline -0.002 -29"><span class='ocrx_word' id='word_1_802' title='bbox 1126 5494 1153 5567; x_wconf 81' lang='lat' dir='ltr'><strong>et</strong></span> <span class='ocrx_word' id='word_1_803' title='bbox 1168 5483 1220 5539; x_wconf 88' lang='lat' dir='ltr'><strong>boc</strong></span> <span class='ocrx_word' id='word_1_804' title='bbox 1245 5485 1334 5553; x_wconf 89' lang='lat' dir='ltr'><strong>ipsum</strong></span> <span class='ocrx_word' id='word_1_805' title='bbox 1361 5484 1461 5555; x_wconf 77' lang='lat' dir='ltr'><strong>allegat</strong></span> <span class='ocrx_word' id='word_1_806' title='bbox 1487 5483 1563 5539; x_wconf 84' lang='lat' dir='ltr'><strong>Pao&#39;i</strong></span> <span class='ocrx_word' id='word_1_807' title='bbox 1586 5485 1620 5540; x_wconf 86' lang='lat' dir='ltr'><strong>ad</strong></span> <span class='ocrx_word' id='word_1_808' title='bbox 1647 5483 1787 5539; x_wconf 88' lang='lat' dir='ltr'><strong>llotoaoos</strong></span> <span class='ocrx_word' id='word_1_809' title='bbox 1804 5483 1932 5537; x_wconf 86' lang='lat' dir='ltr'><strong>testimo-</strong></span> 
     </span>
     <span class='ocr_line' id='line_1_80' title="bbox 1128 5571 1214 5610; baseline -0.023 0"><span class='ocrx_word' id='word_1_810' title='bbox 1128 5571 1214 5610; x_wconf 88' lang='lat' dir='ltr'><strong>otum.</strong></span> 
     </span>
    </p>

    <p class='ocr_par' dir='ltr' id='par_1_19' title="bbox 1130 5624 1933 5766">
     <span class='ocr_line' id='line_1_81' title="bbox 1165 5624 1932 5694; baseline -0.004 -13"><span class='ocrx_word' id='word_1_811' title='bbox 1165 5635 1178 5673; x_wconf 75' lang='lat' dir='ltr'><strong>l</strong></span> <span class='ocrx_word' id='word_1_812' title='bbox 1189 5627 1322 5694; x_wconf 63' lang='lat' dir='ltr'><strong>origenes</strong></span> <span class='ocrx_word' id='word_1_813' title='bbox 1333 5642 1339 5679; x_wconf 81' lang='grc' dir='ltr'><strong>ι</strong></span> <span class='ocrx_word' id='word_1_814' title='bbox 1351 5624 1374 5680; x_wconf 86' lang='lat' dir='ltr'><strong>tt</strong></span> <span class='ocrx_word' id='word_1_815' title='bbox 1378 5643 1439 5679; x_wconf 91' lang='lat' dir='ltr'><strong>num</strong></span> <span class='ocrx_word' id='word_1_816' title='bbox 1453 5635 1611 5680; x_wconf 76' lang='lat' dir='ltr'><strong>nutriatucrte</strong></span> <span class='ocrx_word' id='word_1_817' title='bbox 1624 5627 1735 5694; x_wconf 83' lang='lat' dir='ltr'><strong>rtarptiuli</strong></span> <span class='ocrx_word' id='word_1_818' title='bbox 1747 5641 1796 5678; x_wconf 86' lang='lat' dir='ltr'><strong>nort</strong></span> <span class='ocrx_word' id='word_1_819' title='bbox 1808 5625 1932 5678; x_wconf 79' lang='lat' dir='ltr'><strong>inclutum</strong></span> 
     </span>
     <span class='ocr_line' id='line_1_82' title="bbox 1130 5697 1933 5766; baseline -0.004 -15"><span class='ocrx_word' id='word_1_820' title='bbox 1130 5697 1205 5762; x_wconf 83' lang='lat' dir='ltr'><strong>uidit,</strong></span> <span class='ocrx_word' id='word_1_821' title='bbox 1216 5698 1263 5752; x_wconf 79' lang='lat' dir='ltr'><strong>sub</strong></span> <span class='ocrx_word' id='word_1_822' title='bbox 1276 5697 1351 5750; x_wconf 85' lang='lat' dir='ltr'><strong>unico</strong></span> <span class='ocrx_word' id='word_1_823' title='bbox 1362 5714 1465 5764; x_wconf 79' lang='lat' dir='ltr'><strong>pectere.</strong></span> <span class='ocrx_word' id='word_1_824' title='bbox 1474 5697 1513 5751; x_wconf 81' lang='lat' dir='ltr'><strong>ecl</strong></span> <span class='ocrx_word' id='word_1_825' title='bbox 1523 5700 1608 5766; x_wconf 82' lang='lat' dir='ltr'><strong>specie</strong></span> <span class='ocrx_word' id='word_1_826' title='bbox 1621 5701 1751 5761; x_wconf 69' lang='lat' dir='ltr'><strong>uniuerso,</strong></span> <span class='ocrx_word' id='word_1_827' title='bbox 1765 5698 1933 5764; x_wconf 84' lang='lat' dir='ltr'><strong>eonrprelren-</strong></span> 
     </span>
    </p>
   </div>
   <div class='ocr_carea' id='block_1_17' title="bbox 315 5766 1932 5842">
    <p class='ocr_par' dir='ltr' id='par_1_20' title="bbox 315 5766 1932 5842">
     <span class='ocr_line' id='line_1_83' title="bbox 315 5766 1932 5842; baseline -0.006 -12"><span class='ocrx_word' id='word_1_828' title='bbox 315 5769 430 5830; x_wconf 67' lang='lat' dir='ltr'><strong>isnin</strong></span> <span class='ocrx_word' id='word_1_829' title='bbox 445 5773 576 5842; x_wconf 70' lang='lat' dir='ltr'><strong>origenes</strong></span> <span class='ocrx_word' id='word_1_830' title='bbox 588 5770 683 5840; x_wconf 89' lang='lat' dir='ltr'><strong>sensit,</strong></span> <span class='ocrx_word' id='word_1_831' title='bbox 692 5767 768 5826; x_wconf 84' lang='lat' dir='ltr'><strong>llissi</strong></span> <span class='ocrx_word' id='word_1_832' title='bbox 781 5771 847 5827; x_wconf 83' lang='lat' dir='ltr'><strong>serui</strong></span> <span class='ocrx_word' id='word_1_833' title='bbox 859 5769 946 5836; x_wconf 82' lang='lat' dir='ltr'><strong>elteri,</strong></span> <span class='ocrx_word' id='word_1_834' title='bbox 961 5769 1030 5825; x_wconf 84' lang='lat' dir='ltr'><strong>nlius</strong></span> <span class='ocrx_word' id='word_1_835' title='bbox 1040 5777 1078 5825; x_wconf 82' lang='lat' dir='ltr'><strong>eat</strong></span> <span class='ocrx_word' id='word_1_836' title='bbox 1130 5770 1205 5831; x_wconf 74' lang='lat' dir='ltr'><strong>ciens.</strong></span> <span class='ocrx_word' id='word_1_837' title='bbox 1219 5770 1263 5836; x_wconf 83' lang='lat' dir='ltr'><strong>qao</strong></span> <span class='ocrx_word' id='word_1_838' title='bbox 1276 5770 1418 5837; x_wconf 84' lang='lat' dir='ltr'><strong>nequitiam</strong></span> <span class='ocrx_word' id='word_1_839' title='bbox 1432 5770 1481 5824; x_wconf 86' lang='lat' dir='ltr'><strong>ribi</strong></span> <span class='ocrx_word' id='word_1_840' title='bbox 1494 5781 1554 5825; x_wconf 89' lang='lat' dir='ltr'><strong>ente</strong></span> <span class='ocrx_word' id='word_1_841' title='bbox 1568 5766 1647 5840; x_wconf 73' lang='lat' dir='ltr'><strong>fidem</strong></span> <span class='ocrx_word' id='word_1_842' title='bbox 1659 5769 1876 5824; x_wconf 81' lang='lat' dir='ltr'><strong>ndboerrscentenr</strong></span> <span class='ocrx_word' id='word_1_843' title='bbox 1889 5783 1932 5821; x_wconf 86' lang='lat' dir='ltr'><strong>re-</strong></span> 
     </span>
    </p>
   </div>
   <div class='ocr_carea' id='block_1_18' title="bbox 274 5845 580 5916">
    <p class='ocr_par' dir='ltr' id='par_1_21' title="bbox 274 5845 580 5916">
     <span class='ocr_line' id='line_1_84' title="bbox 274 5845 580 5916; baseline 0.01 -19"><span class='ocrx_word' id='word_1_844' title='bbox 274 5845 478 5916; x_wconf 82' lang='lat' dir='ltr'><strong>propbetttcttm</strong></span> <span class='ocrx_word' id='word_1_845' title='bbox 492 5855 580 5900; x_wconf 84' lang='lat' dir='ltr'><strong>cetur.</strong></span> 
     </span>
    </p>
   </div>
   <div class='ocr_carea' id='block_1_19' title="bbox 1131 5839 1659 5911">
    <p class='ocr_par' dir='ltr' id='par_1_22' title="bbox 1131 5839 1659 5911">
     <span class='ocr_line' id='line_1_85' title="bbox 1131 5839 1659 5911; baseline 0.002 -17"><span class='ocrx_word' id='word_1_846' title='bbox 1131 5839 1393 5911; x_wconf 66' lang='lat' dir='ltr'><strong>teutoniquorum</strong></span> <span class='ocrx_word' id='word_1_847' title='bbox 1405 5841 1508 5895; x_wconf 90' lang='lat' dir='ltr'><strong>minime</strong></span> <span class='ocrx_word' id='word_1_848' title='bbox 1522 5849 1659 5895; x_wconf 75' lang='lat' dir='ltr'><strong>exuerunt.</strong></span> 
     </span>
    </p>
   </div>
   <div class='ocr_carea' id='block_1_20' title="bbox 0 0 2026 6324">
    <p class='ocr_par' dir='ltr' id='par_1_23' title="bbox 0 0 2026 6324">
     <span class='ocr_line' id='line_1_86' title="bbox 0 0 2026 6324; baseline 0 0"><span class='ocrx_word' id='word_1_849' title='bbox 0 0 2026 6324; x_wconf 95' lang='lat' dir='ltr'><strong> </strong></span> 
     </span>
    </p>
   </div>
  </div>
 </body>
</html>
