4000 6334
133 328 173 389 tlt
563 327 802 389 cotttttttttltttl
820 327 856 388 tlt
872 327 1004 390 stuttutt
1024 331 1095 391 JOB.
1118 332 1198 392 CAP.
1218 331 1304 394 XXX.
1698 338 1753 400 'tlt

133 447 189 506 sicut
210 442 239 500 ad
251 458 312 501 enm
326 448 354 500 ln
372 445 520 518 Evangelio
532 447 584 504 snb
605 458 670 522 typo
684 447 817 505 Ecclesiae
830 445 899 503 dici·
913 448 941 510 A
954 463 1009 505 non
1023 460 1094 516 erat,
1109 452 1299 521 morabantur,
1312 454 1361 511 sed
1378 453 1460 510 etiarn
1472 453 1501 511 in
1516 456 1644 514 cavernis
1657 464 1752 526 tetre,

131 547 166 594 tur
178 557 184 592 :
197 536 258 592 rl'onr
272 547 295 592 et
318 537 405 594 catelli
425 541 505 596 edunt
529 539 562 596 de
582 542 657 597 orricii
671 559 730 614 paor
751 543 848 600 cadunt
868 546 901 601 de
952 550 980 599 et
1000 558 1085 615 super
1098 544 1231 616 glaream,
1252 563 1396 620 perquam
1417 560 1485 620 puto
1499 551 1648 608 carnaliter
1662 551 1752 624 legem

131 630 370 688 macedonianam
384 650 500 691 satorum.
953 635 1169 710 intelligendam,
1187 640 1232 698 rtlsi
1242 641 1311 697 niltil
1325 641 1427 714 pingue
1447 643 1586 715 spirituali
1598 646 1692 702 sensui
1703 644 1754 701 atl-

158 723 354 791 (laorsntairtas
369 741 495 782 ιιιιιιιιιιιιιι
508 737 565 784 erat
578 727 644 786 milti
659 747 708 802 pro
721 730 814 786 nihilo.
838 731 901 790 llaec
953 732 1097 799 miscetur,
1124 749 1179 806 quo
1204 745 1301 807 posset
1325 735 1495 796 iocunditate
1522 737 1674 807 ubertatis,
1703 754 1755 812 per

32 829 33 838 ¹
131 815 202 873 tintus
215 831 337 872 nanuum
363 828 423 875 erat
447 818 618 892 iudeorum,
641 833 672 880 ιιι
696 824 836 882 mandatis
858 841 902 883 se·
954 824 1121 882 lidemdlios
1135 829 1304 897 sanctitatis,
1318 840 1407 888 matre
1427 832 1527 904 gratia.
1543 843 1756 905 procreatores

32 937 34 948 ν
130 911 227 980 sionim,
239 909 516 972 etonserrattontune
525 915 709 974 deservirent.
720 917 786 974 Sive
795 917 822 975 in
834 929 902 976 tem·
954 918 990 974 ola
1002 919 1056 975 hoc
1068 918 1095 974 in
1111 921 1238 979 cavernis
1252 930 1335 979 terrae
1345 937 1409 981 esse
1423 925 1558 996 perhibeo
1564 937 1619 996 mr,
1637 928 1755 985 terrenis

129 1021 184 1080 pore
194 1005 323 1076 passimus
336 1006 456 1078 Domitii,
472 1020 563 1080 potest
575 1010 621 1069 lric
636 1011 713 1069 locus
723 1012 851 1086 intelligi,
863 1012 901 1070 ita
956 1010 1083 1068 uidelicet
1097 1013 1224 1072 sensibus
1236 1013 1414 1075 inhaerentes.
1430 1017 1470 1075 ile
1481 1019 1583 1090 quibus
1602 1019 1671 1079 dens
1687 1020 1757 1079 dicit

32 1151 33 1162 ,
129 1109 151 1154 ιι
164 1100 239 1156 cirrus
257 1113 370 1170 operum
394 1102 592 1174 predictorum
615 1120 703 1177 usque
726 1105 762 1164 sd
785 1116 902 1164 mortem
954 1103 1114 1176 Apostolus,
1129 1106 1247 1164 iniodeos
1262 1109 1347 1165 creon
1359 1107 1468 1166 Christi.
1483 1111 1589 1170 Aliter:
1604 1110 1757 1172 Torrentes

32 1225 34 1286 3
128 1194 254 1252 salvatoris
267 1197 435 1266 perverterit.
456 1197 508 1255 Vel
523 1197 561 1255 ita
581 1198 817 1271 intelligendum:
839 1216 902 1258 cum
955 1208 1021 1254 suut
1031 1207 1203 1269 peccatores,
1218 1201 1265 1272 qui
1280 1201 1308 1258 in
1323 1201 1376 1260 hoc
1388 1219 1466 1261 mare
1480 1207 1572 1263 saeculi
1585 1221 1634 1278 per
1645 1206 1757 1265 deserta

127 1287 147 1345 ei
160 1289 230 1343 ritant
246 1286 346 1346 sserent
359 1290 463 1347 luitam
477 1304 539 1348 csse
558 1306 608 1362 per
619 1307 741 1356 crucem,
763 1292 904 1365 triumpiro
956 1289 1062 1345 notitiae
1074 1289 1217 1361 dedimam
1234 1292 1263 1349 lri
1276 1309 1343 1367 ergo
1357 1295 1385 1352 in
1397 1296 1524 1355 cauernis
1538 1313 1670 1357 serrsuutn
1683 1315 1760 1360 cotn-

127 1385 277 1458 rcsurgemis
288 1401 323 1443 ex
338 1386 466 1459 mortuis,
480 1387 514 1444 ad
528 1386 643 1445 attritum
656 1397 805 1446 conatuum
817 1388 905 1462 pessi·
956 1394 1118 1454 morantur,
1134 1403 1285 1459 eorumque
1297 1387 1469 1450 delectantur
1481 1393 1581 1452 oldoiis
1597 1396 1631 1453 ad
1641 1411 1760 1467 pecean-

125 1495 216 1537 otorum
228 1479 312 1537 uirtus
325 1480 439 1539 redacta
450 1494 504 1540 est.
957 1479 1042 1535 dum:
1058 1479 1111 1550 ipsi
1125 1489 1190 1537 sunt
1205 1482 1335 1540 fenestrae
1348 1483 1458 1554 donans,
1476 1501 1525 1558 por
1540 1504 1611 1560 quas
1627 1504 1702 1548 tuors
1714 1490 1759 1548 in·

153 1573 183 1630 Ει
203 1575 254 1631 nita
271 1577 331 1642 ipsa
349 1577 508 1650 putabantur
522 1579 637 1656 indigni,
658 1589 772 1653 egestate
793 1588 816 1636 et
836 1579 905 1652 sonte
956 1572 1091 1644 greditnr.
1103 1573 1170 1631 Siue
1178 1591 1295 1633 caverna
1309 1580 1449 1650 serpentis
1459 1590 1502 1637 est
1513 1591 1608 1654 pectus
1622 1595 1759 1656 nostrum,

125 1667 222 1724 steriles.
238 1667 373 1726 Vitiorum
388 1685 502 1727 suorum
525 1680 554 1729 et
567 1673 713 1728 eriminum
737 1672 810 1744 turpi
824 1687 904 1744 eges·
957 1667 1068 1738 quando
1084 1668 1113 1725 in
1129 1684 1163 1726 eo
1177 1679 1313 1728 venenata
1333 1672 1461 1742 consilia,
1473 1683 1503 1732 et
1513 1675 1670 1736 mortiieros
1681 1687 1762 1738 octos

126 1761 279 1832 incederat,
304 1771 333 1819 et
352 1763 424 1821 tnnc
438 1764 613 1836 eloquiorum
637 1765 686 1823 uet
706 1765 769 1824 tacti
784 1763 904 1836 steriles,
959 1760 1146 1818 recondimus.
1161 1762 1216 1830 insi
1228 1763 1437 1824 verosimiliter
1449 1770 1667 1842 superalaaearn
1682 1769 1762 1829 habi·

125 1855 715 1934 elioendici,ritaiusuperpraesentiindigui
727 1871 792 1918 sunt
805 1861 904 1930 habiti,
920 1849 1029 1922 Btant,
1049 1857 1095 1927 qui
1115 1867 1216 1916 terram
1234 1872 1324 1933 suam,
1347 1861 1421 1920 nulla
1444 1879 1602 1921 sermonum
1626 1866 1675 1924 Ilei
1697 1866 1763 1924 dili·

124 1952 183 2008 sicm
197 1951 330 2024 propheta
341 1951 381 2010 ait
394 1954 429 2012 sd
441 1953 529 2012 iteum
541 1972 548 2012 ι
565 1953 695 2030 Disperge
704 1955 765 2012 illos
777 1956 805 2011 in
816 1961 909 2012 straete
961 1952 1054 2024 gentis
1068 1953 1176 2024 coium,
1193 1963 1222 2010 ut
1236 1964 1349 2027 accepta
1362 1957 1492 2014 nnertme
1502 1958 1686 2032 pinguedinis,
1699 1975 1764 2035 pos·

125 2057 171 2103 ιιι.
185 2045 259 2105 Unde
278 2062 355 2104 nunc
367 2047 394 2105 in
411 2046 503 2106 taedio
516 2049 660 2106 nationum
675 2057 738 2108 sunt
751 2049 828 2108 reiut
841 2064 909 2121 cap·
960 2044 1016 2102 sint
1029 2045 1135 2104 tructus
1149 2047 1239 2104 locere
1249 2049 1416 2106 sanctitatis.

125 2139 176 2206 tiri,
187 2139 266 2198 vitatu
282 2141 417 2198 ducentes
430 2139 609 2214 degenerem.
999 2137 1051 2206 Qut
1064 2139 1132 2194 inter
1145 2139 1328 2208 nujuscemodi
1341 2142 1515 2213 laetatantnr,⁸
1525 2157 1551 2202 et
1563 2162 1620 2204 eese
1633 2146 1682 2203 sal
1703 2163 1766 2205 ιιιι·

156 2234 203 2304 Qui
216 2234 383 2293 redelentia
400 2235 552 2304 silitudine,
565 2237 715 2311 egualmtes
729 2237 876 2296 calamitate
885 2247 911 2295 et
965 2232 1034 2289 litae
1047 2232 1156 2291 delicias
1169 2235 1364 2309 coorputaiant.
1380 2236 1455 2295 inter
1468 2238 1528 2296 lraec
1541 2241 1612 2298 maia
1625 2258 1688 2314 quae
1702 2251 1768 2301 sunt

123 2332 227 2400 ιιιῐιιιίιι,
240 2341 266 2390 ιι
288 2335 446 2392 crundelam
457 2334 562 2404 indas,
575 2345 600 2392 et
614 2336 735 2392 ntorum
750 2335 870 2407 cortices,
887 2343 912 2390 et
963 2325 1036 2383 dieta
1048 2327 1188 2400 superius,
1209 2327 1248 2386 ita
1271 2331 1439 2388 exsrrltautes
1452 2334 1554 2405 gaudio
1565 2335 1676 2406 visunt,
1692 2346 1765 2394 tem·

124 2422 191 2480 nolte
199 2425 387 2498 iuniperorem
399 2436 455 2483 erat
473 2427 545 2483 citur
558 2427 674 2484 illorum.
684 2425 851 2496 Plerumque
865 2425 911 2483 ulti
963 2433 1047 2492 quam
1060 2421 1083 2476 ti
1098 2431 1256 2493 quererent
1275 2424 1401 2481 virtutes.

32 2543 33 2546 ¹
122 2515 249 2578 lieusntm
263 2520 383 2591 habitu,
397 2521 424 2578 id
440 2531 495 2591 est,
518 2537 573 2580 non
588 2522 702 2592 colitur,
716 2522 838 2580 solitudo
851 2522 912 2579 sire
1000 2511 1069 2569 Filii
1079 2515 1232 2584 “viimi
1254 2525 1280 2573 et
1296 2515 1467 2590 iswiffiiiii,
1484 2528 1508 2575 ⁶²
1525 2520 1553 2576 t'ii
1574 2530 1645 2577 ierit
1664 2521 1768 2596 petiit·

123 2624 220 2669 cremus
237 2613 417 2686 appellatur:
433 2615 461 2672 in
476 2631 530 2688 pua
550 2617 702 2674 secundnm
715 2617 912 2690 apocalypsim
963 2622 1017 2662 ¹¹⁰¹!
1037 2617 1167 2679 vistim·
1183 2609 1225 2665 lta
1237 2611 1313 2668 enirn
1333 2621 1361 2668 ⁰¹
1376 2611 1410 2669 ⁶⁰
1433 2627 1529 2670 0⁰i¹¹¹¹i
1546 2615 1683 2688 patribus,
1700 2632 1767 2688 1¹¹⁰·

122 2705 222 2774 mulier,
239 2707 337 2774 idest,
358 2710 516 2781 corruptela
538 2709 640 2768 sedere
652 2711 764 2768 dicitur.
781 2710 911 2770 llauders
965 2699 1114 2773 phetajam
1126 2711 1193 2760 ³⁰²0
1206 2704 1372 2775 witikini
1385 2723 1393 2762 ²
1408 2704 1552 2763 (imiimi
1565 2725 1648 2778 proso
1667 2722 1692 2766 et
1705 2728 1768 2783 W·

123 2797 187 2856 enim
210 2799 272 2858 sire
287 2801 401 2871 rodere,
416 2817 487 2875 opus
506 2811 550 2860 est
562 2801 699 2873 dentium,
717 2803 844 2874 arontam
859 2818 912 2861 vox
966 2809 1051 2865 nero,
1064 2796 1177 2870 timim
1189 2797 1296 2867 stultae,
1310 2808 1336 2856 0⁸
1353 2815 1406 2856 non
1420 2799 1536 2874 ”liiiio
1549 2799 1769 2860 alienationem

121 2893 257 2952 articulata
274 2894 406 2954 dentibus
417 2903 447 2951 et
460 2896 565 2968 plectro
580 2895 680 2968 liuguae
695 2895 825 2964 elicitur,
851 2894 913 2954 ideo
965 2887 1115 2946 emmaum.
1198 2941 1203 2951 .

120 2982 158 3042 iis
177 2986 281 3057 verbis,
310 2986 433 3046 doctrina
455 2987 650 3060 predictorum
671 2987 851 3060 signilleatur,
866 2988 914 3061 qui
1004 2980 1082 3038 ΝΜ
1096 2983 1124 3038 iii
1137 2999 1228 3040 ‘iiiiii
1248 2984 1379 3041 miliciam
1395 3001 1482 3043 veriti
1499 3004 1559 3044 itm
1575 2988 1623 3058 cit,
1638 2999 1664 3046 ti
1681 2993 1769 3063 tostae

120 3079 226 3150 populos
239 3089 386 3154 nmquam
410 3080 515 3139 herbas
532 3091 559 3139 et
571 3081 807 3140 infructuosarum
832 3082 915 3142 arbo-
969 3091 1028 3132 iiiiii
1049 3076 1225 3148 vitieriitm·
1248 3078 1277 3135 ld
1299 3087 1353 3149 esi,
1370 3080 1398 3136 in
1414 3080 1504 3153 ntimo
1526 3098 1668 3154 sermone,
1689 3096 1718 3143 et
1739 3089 1771 3146 iu

119 3184 173 3228 rnna
192 3173 305 3232 radices
325 3171 484 3232 mandendo
505 3183 588 3248 atque
606 3175 739 3242 rodendo,
755 3175 784 3232 in
804 3191 914 3235 errores
968 3183 1065 3226 corum
1077 3185 1127 3227 ore
1138 3185 1189 3243 ego
1203 3185 1275 3241 snm,
1288 3182 1317 3230 et
1332 3174 1367 3231 ab
1381 3175 1424 3231 eis
1438 3175 1620 3234 delectatione
1632 3177 1771 3237 obtrecta-

117 3281 177 3324 suos
192 3267 376 3340 multiplices,
401 3267 479 3327 uelut
499 3266 526 3324 iu
541 3285 621 3326 suum
647 3284 748 3341 corpus
763 3269 913 3342 trajiciunt.
929 3251 954 3321 C
970 3264 1052 3321 tionis
1066 3279 1208 3322 suuntur·

118 3357 218 3418 Etenim
233 3362 359 3435 pascite
373 3361 556 3432 arbitrantur,
576 3363 599 3421 si
613 3363 648 3420 ab
662 3361 828 3434 hominihus,
845 3379 915 3437 quos
1003 3357 1194 3414 dimittitis?
1207 3375 1259 3427 tiit,
1277 3369 1301 3415 ἅ
1318 3361 1422 3433 {isitii
1436 3379 1453 3418 θ
1468 3378 1520 3431 itit·
1534 3372 1558 3420 et
1575 3363 1668 3437 ficiem
1687 3381 1772 3424 mestit

116 3454 181 3512 miet
194 3454 344 3528 Scriptura
365 3456 480 3514 arbores
502 3455 653 3529 appellare,
667 3456 799 3530 quidquid
815 3459 917 3517 trahent
966 3468 1059 3526 tatere
1081 3469 1135 3509 avit
1156 3461 1283 3510 taetiti-
1304 3453 1414 3512 Faciem
1438 3471 1508 3514 veru
1525 3468 1690 3529 consputam
1714 3459 1771 3518 uo-

117 3544 194 3604 ritale
206 3547 410 3607 subtraxerint.
434 3547 586 3606 lladicluus
607 3549 799 3623 iuniperornm
816 3551 916 3610 ιιιιιῑιο.
967 3547 1035 3602 mini
1049 3546 1212 3616 salvatoris,
1230 3547 1289 3620 ipsa
1305 3550 1398 3620 passio
1411 3549 1472 3622 ejus
1486 3550 1565 3609 nobis
1580 3550 1609 3608 in
1621 3551 1773 3628 Evangelio

114 3639 199 3698 mitius
214 3644 355 3701 aluntur:
371 3643 501 3702 ariorum
516 3644 625 3702 scilicet
637 3643 718 3719 lainga
728 3655 808 3704 aetate
821 3647 917 3705 siren·
967 3641 1116 3700 manileste
1128 3643 1309 3701 demonstrat.

115 3732 188 3803 tium,
204 3745 233 3794 et
255 3738 286 3793 in
301 3751 418 3810 gnarum
439 3737 520 3812 lignis
532 3739 620 3794 multo
635 3738 737 3796 diutius
752 3741 915 3814 ignisquam
1004 3736 1163 3793 Plraretrom
1181 3737 1251 3792 enim
1268 3754 1344 3793 raom
1365 3739 1477 3812 aperuit,
1495 3746 1520 3795 et
1533 3741 1633 3812 amicit
1646 3757 1698 3796 ore.
1721 3741 1772 3798 llic

113 3827 137 3884 in
151 3831 261 3889 ceteris
275 3833 371 3888 durat.
387 3832 442 3888 ista
455 3841 520 3889 sunt
530 3832 615 3905 ligna,
625 3835 855 3906 quaearceutlrina
865 3851 916 3908 ap·
968 3834 1112 3906 pharetra,
1128 3832 1260 3889 diabolus
1272 3832 1387 3905 intelligi
1402 3842 1504 3906 potest.
1518 3832 1552 3889 Et
1566 3835 1694 3906 quostiam
1707 3849 1769 3890 ore·
1856 3835 1859 3838 ’

114 3922 261 3991 pelluntur.
286 3925 347 3982 Sub
361 3925 492 3983 arborum
509 3925 608 3982 harum
632 3928 916 4002 ivmaou10,nagnos
967 3929 1059 3986 dimus
1078 3928 1252 3985 saltatorem
1277 3943 1373 3984 nerum
1400 3925 1541 3985 hominem
1567 3927 1771 3999 assumpsisses

111 4030 232 4090 qumque
247 4018 366 4076 numine
382 4019 410 4076 in
426 4019 529 4092 populo
541 4020 660 4078 ludaico
674 4021 830 4095 intelligere
852 4038 917 4095 pos·
968 4037 1023 4079 non
1034 4021 1184 4078 absurdum
1194 4030 1248 4090 est,
1261 4029 1291 4078 ut
1304 4021 1450 4078 credamus
1461 4018 1535 4092 quod
1548 4029 1577 4075 et
1586 4020 1696 4077 dolores
1709 4036 1773 4078 cor·

112 4123 213 4180 sunaus,
227 4129 355 4188 quorum
371 4113 496 4185 predicti
516 4113 647 4173 doctores
666 4115 764 4174 intima
779 4117 915 4175 viscerum
968 4115 1045 4188 poris
1059 4112 1179 4170 uoluerit
1199 4114 1227 4169 in
1249 4112 1376 4184 passione
1397 4111 1500 4170 sentire
1515 4131 1522 4167 :
1537 4111 1687 4169 secundum
1703 4113 1772 4171 illud

111 4201 313 4277 depascuntur,
331 4207 491 4266 iurandost
506 4209 915 4286 praedicatiottelegispraetcr·
969 4207 1133 4280 prophete:
1153 4204 1216 4279 lpse
1233 4207 1398 4279 infiannotee
1419 4214 1522 4264 nonnas
1538 4207 1659 4278 enacopit,
1680 4213 1704 4262 et
1721 4221 1772 4279 pro

110 4295 163 4366 itte,
180 4301 291 4359 bunum
307 4301 402 4374 gratia
415 4301 528 4362 Christi.
968 4299 1129 4357 nolasaiolet.

144 4393 198 4464 unt
212 4395 249 4452 de
265 4394 432 4452 conuallibus
442 4397 494 4454 ista
504 4399 643 4474 comentes,
659 4415 719 4455 cunt
729 4398 834 4472 siapnla
844 4415 918 4473 repe·
1005 4393 1040 4449 El
1053 4393 1159 4466 fecittot
1176 4392 1261 4466 attuli
1274 4391 1302 4448 in
1316 4408 1344 4448 ot
1358 4408 1453 4448 auum·
1477 4391 1569 4447 illitas
1589 4389 1771 4448 coutumeliis

110 4485 212 4559 timent,
229 4491 270 4546 dd
285 4505 388 4546 ancum
399 4491 514 4548 clamore
526 4490 676 4548 currebant,
696 4492 733 4549 De
747 4492 918 4550 convallibus
970 4488 1103 4562 pallentia
1117 4484 1340 4544 demonstravit:
1356 4483 1501 4555 sicutipse
1521 4481 1607 4540 Filius
1622 4483 1649 4539 ill
1664 4483 1773 4554 psallito

108 4582 200 4655 utique
212 4583 334 4652 iaccbat,
351 4592 380 4639 ut
393 4581 480 4651 iures,
496 4583 570 4655 quod
584 4584 631 4641 alii
643 4585 824 4644 translatores
840 4584 918 4644 dixe·
969 4585 1009 4640 ait
1021 4583 1056 4640 ad
1071 4581 1202 4638 Patrem:
1219 4579 1352 4646 Quorriam
1376 4588 1404 4635 to
1427 4595 1454 4636 ct
1474 4576 1600 4653 patientia
1623 4593 1691 4645 titii,
1713 4577 1773 4633 ⁰⁰·

109 4684 181 4746 mut,
204 4687 237 4736 et
258 4679 389 4734 arionem
407 4677 527 4747 cortices,
549 4678 670 4750 rapiunt.
690 4677 750 4736 Non
772 4679 845 4737 enirn
868 4695 915 4736 cos
928 4659 957 4725 D
970 4677 1049 4733 utine.
1081 4677 1117 4733 Et
1143 4674 1172 4732 in
1201 4673 1366 4746 Evangelio,
1398 4673 1580 4747 interrogatus
1608 4672 1689 4732 lesus
1715 4687 1771 4730 non

106 4785 172 4842 qraos
186 4771 318 4836 herbas,
331 4772 450 4831 cortices
462 4782 490 4830 et
506 4772 614 4830 radices
628 4772 757 4831 arborum
772 4788 820 4845 per
830 4775 917 4848 aenig-
969 4768 1122 4842 respondit.

106 4865 184 4922 matis
197 4864 419 4924 similitudinem
434 4865 622 4924 intelleximus
635 4906 643 4934 ,
657 4866 685 4924 in
715 4866 833 4925 excelsis
847 4867 917 4926 locis
1006 4863 1047 4920 Ad
1069 4862 1203 4919 dealemm
1226 4863 1335 4919 orientis
1349 4861 1509 4918 calamitates
1522 4877 1597 4929 moe,
1612 4861 1686 4918 illico
1711 4877 1771 4916 sar·

105 4968 188 5031 atquc
203 4957 354 5017 similibus
369 4966 522 5030 potuerunt
533 4957 659 5015 inuenire
677 4977 685 5014 ι
700 4959 748 5017 sed
763 4961 789 5016 in
805 4963 919 5019 conual-
970 4966 1101 5014 ιιιειιιιιι.
1117 4956 1147 5014 ltl
1161 4966 1215 5022 est,
1228 4956 1264 5013 de
1276 4957 1417 5012 voluntate
1428 4955 1531 5023 Patris,
1541 4954 1574 5009 nd
1588 4954 1666 5025 ctajus
1677 4953 1773 5010 dente·

106 5052 187 5121 lilius,
214 5053 379 5110 ltumilibns
404 5051 511 5110 scilieet
527 5053 607 5120 iocis,
628 5065 657 5110 ct
678 5053 705 5108 in
722 5053 850 5111 interiora
870 5056 918 5114 dc·
970 5067 1031 5110 ram
1047 5049 1235 5108 Filiusscdct.
1252 5049 1303 5106 Vel
1318 5048 1431 5114 irocait,
1454 5047 1526 5120 quod
1547 5048 1580 5103 ad
1603 5046 1703 5103 Filium
1720 5047 1770 5104 liei

102 5149 219 5218 pressis,
238 5147 293 5204 ubi
318 5145 464 5218 significati
479 5155 543 5203 sunt
557 5147 684 5204 carnales
700 5147 794 5220 populi
813 5147 917 5205 lrrdno·
971 5147 1055 5203 etiam
1077 5144 1111 5201 ad
1133 5159 1194 5201 eam
1218 5151 1336 5214 partem,
1350 5157 1401 5214 qua
1417 5140 1596 5212 impassibilis
1608 5149 1661 5206 est,
1675 5149 1773 5196 contu·

103 5257 163 5299 rum
173 5256 324 5318 :quorum
337 5238 495 5298 intellectus
508 5241 535 5296 in
547 5239 700 5298 occidentis
711 5241 810 5299 litterae
821 5257 915 5312 sensu,
971 5241 1053 5303 melia
1069 5240 1144 5312 passi
1159 5237 1279 5295 nominis
1291 5236 1423 5308 assumpti
1439 5234 1606 5307 pervenerit,
1619 5232 1770 5290 secundum

101 5339 179 5397 reiut
206 5339 239 5398 in
269 5336 454 5394 interioribus
476 5346 673 5394 commoratur.
690 5337 762 5394 ilinc
786 5352 834 5395 cos
859 5340 916 5409 pri·
971 5335 1134 5408 Apostolum
1145 5332 1282 5390 dicentem
1304 5349 1312 5387 :
1337 5329 1369 5386 Si
1389 5330 1459 5385 enim
1481 5328 1669 5402 cognovissent,
1695 5343 1772 5382 nam-

101 5446 194 5488 mores
219 5445 330 5488 eorum
345 5427 557 5501 depopulantur,
570 5428 634 5485 dum
649 5427 717 5486 caeci
739 5429 820 5486 caecis
834 5430 916 5486 duca·
970 5447 1050 5505 psam
1070 5430 1157 5484 lleom
1175 5428 1319 5500 majestatis
1338 5425 1535 5494 misissent.
1558 5423 1694 5492 Quoniam
1714 5423 1775 5494 ipss

100 5535 156 5585 tum
173 5526 328 5599 praebent.
973 5531 1017 5580 est
1032 5522 1146 5580 dextera
1166 5520 1268 5587 Patris,
1284 5535 1384 5576 manus
1406 5528 1435 5574 ct
1448 5516 1605 5585 brachium,
1619 5532 1670 5586 per
1691 5531 1775 5588 qttom

135 5620 170 5676 ln
196 5619 324 5678 desertis
343 5618 494 5675 habitabant
520 5617 683 5686 torrentium,
705 5628 729 5674 et
751 5618 779 5673 in
805 5619 921 5674 connatis
973 5615 1045 5674 iacta
1070 5615 1164 5672 omnia
1188 5613 1378 5686 gubernantur
1394 5629 1401 5668 :
1417 5618 1447 5668 et
1470 5609 1599 5681 discipuli
1626 5610 1712 5682 stragis
1736 5608 1774 5666 do

101 5729 199 5790 terrm
216 5719 265 5775 cel
282 5733 364 5790 super
378 5715 505 5790 glaream,
520 5716 565 5788 pai
579 5715 648 5771 inter
658 5715 837 5790 hujuscemodi
852 5714 924 5772 lota·
975 5713 1084 5770 destris
1099 5711 1174 5768 illius
1188 5717 1280 5777 crant,
1296 5723 1378 5779 quem
1391 5707 1419 5763 in
1435 5716 1559 5778 tempore
1573 5704 1708 5779 passionis
1722 5704 1774 5761 do-

100 5815 213 5886 lantur,
231 5823 260 5870 et
275 5811 394 5870 essesut
406 5813 521 5868 sentibus
536 5811 645 5868 delicies
656 5811 850 5882 consputatam.
865 5811 923 5868 Non
976 5804 1161 5877 reliquerunt.
1176 5802 1215 5858 ite
1230 5801 1331 5872 quinus
1347 5801 1385 5857 ait
1398 5818 1404 5856 :
1419 5799 1623 5857 Consideraiant
1636 5800 1671 5856 ad
1683 5798 1776 5858 dealt·

101 5917 217 5986 tantum
243 5908 277 5967 in
304 5904 421 5964 desertis
441 5908 653 5980 predictorum,
677 5906 723 5965 ubi
743 5907 852 5968 cultura
875 5906 925 5969 Dei
977 5919 1047 5977 caat,
1058 5912 1084 5962 et
1097 5916 1151 5960 non
1163 5909 1220 5957 erat
1232 5899 1278 5971 oui
1292 5908 1457 5974 cognosceret
1468 5917 1517 5957 me.

304 5999 444 6069 Persas.
467 6000 583 6071 Xllvl.
1502 5993 1543 6060 2³
