4000 6334
213 347 247 408 ts
834 347 864 406 s.
887 344 1024 406 russati
1044 345 1235 406 ttttcaoutur
1533 336 1537 342 ’
1820 344 1857 404 so

213 461 403 520 baereticorum
417 463 521 518 munius
537 461 714 532 pullularent,
729 460 864 527 Cerintbi,
880 460 1004 524 Ebiuuis,
1019 463 1046 522 A
1058 461 1174 518 vitreum
1194 467 1222 518 et
1236 467 1355 530 quatuor
1369 458 1496 514 animalia
1510 459 1593 530 plena
1607 454 1696 515 oculis
1709 455 1719 530 l
1733 455 1816 531 apoc.
1830 473 1857 514 ts

213 564 241 612 et
254 563 417 612 ceterorum
431 554 476 624 tpui
493 564 593 625 negant
606 553 745 610 Christum
761 555 788 609 iu
803 567 887 610 carne
898 553 1008 609 rcnissc
1060 562 1084 607 et
1096 569 1111 604 r
1122 552 1142 624 i,
1159 552 1273 608 dicens:
1291 551 1398 606 Artintol
1407 552 1519 624 primum
1533 549 1617 607 simile
1629 549 1710 618 leoni,
1723 560 1748 606 et
1762 568 1859 607 secun·

215 647 303 716 (utros
325 653 354 700 ct
379 645 484 716 ipsein
509 644 624 715 epistula
653 659 701 699 sua
728 643 903 699 aotieiuistos
929 656 1009 700 uocat
1061 643 1860 712 dutnsinriieritulo,etiertiumsimilelrorninl,etquestum

216 737 236 812 ΙΙ
251 735 351 792 Jourtn.
369 751 403 798 rt,
420 735 483 809 tsi,
509 746 537 790 ct
563 737 701 807 apostulus
729 735 828 792 Paulus
853 737 1009 805 lrcrptcuter
1061 736 1143 790 simile
1153 735 1250 808 oporto
1261 737 1370 791 solenti.
1388 735 1421 789 Et
1432 735 1641 806 postpauioinm
1654 749 1665 790 .·
1679 733 1763 790 Pleno
1774 717 1859 802 aaut,

213 831 331 898 percutit
346 827 436 902 [licut.
454 844 495 892 ut;
512 827 535 883 ii
550 827 609 884 Cor.
627 827 677 901 ri),
692 837 802 883 coaetus
816 835 858 882 cst
869 827 903 882 ab
921 826 1010 882 numl-

215 922 265 978 btts
276 936 344 992 perte
360 933 426 976 tunc
446 923 521 976 Asiae
540 921 687 992 episcopis,
706 927 734 976 et
751 921 898 977 multarum
914 919 1009 976 Eccle-

214 1014 316 1068 storum
337 1014 528 1083 legationibus,
548 1012 582 1069 de
600 1011 742 1068 diuinitate
760 1012 909 1068 Salvatoris
929 1011 1011 1065 altius

215 1107 348 1174 scribere,
359 1114 387 1162 et
397 1105 430 1160 ati
443 1106 530 1176 ipsum
542 1106 583 1178 lut
594 1105 628 1160 ita
640 1104 745 1172 dicam)
756 1105 803 1160 llei
815 1105 942 1172 llerbum,
957 1118 1011 1158 non

215 1209 270 1258 tant
284 1199 392 1269 arrdaci,
406 1213 487 1270 uttam
505 1198 575 1254 ielici
587 1199 742 1254 temeritate
756 1197 1012 1268 prorumperet&

216 1292 407 1350 Ecclesiastico
432 1303 525 1348 narrat
540 1290 663 1356 historia,
680 1307 740 1346 cum
757 1307 772 1346 a
788 1289 916 1346 iratribus
931 1305 1012 1362 coge-

216 1395 294 1440 retur
307 1395 338 1440 ut
358 1386 506 1449 scriberet,
529 1385 566 1439 ita
582 1384 714 1440 iacturum
730 1397 760 1438 su
776 1383 968 1452 respondisse,
989 1383 1011 1436 si

217 1476 319 1533 indicto
332 1479 437 1546 ieiunio
456 1475 641 1532 incommune
655 1489 749 1554 omnes
766 1476 849 1530 licum
865 1489 1012 1545 precaren-

217 1578 262 1626 ttar
279 1569 337 1643 [tt.
354 1566 583 1641 deprecarentur]
598 1585 604 1622 ι
621 1583 675 1639 qun
698 1568 807 1638 expleto
821 1608 829 1635 ,
845 1567 1014 1623 revelatione

217 1672 368 1728 saturatus,
381 1662 482 1718 iniliud
491 1661 652 1730 prooemium
662 1661 1014 1718 ooelorenienseructarits

217 1755 253 1810 lrt
267 1756 395 1826 principio
407 1763 463 1810 erut
476 1753 596 1816 Vmbutu,
610 1761 635 1809 et
650 1752 760 1808 l'erbuut
770 1761 824 1806 erut
836 1751 908 1822 apud
918 1749 1013 1813 lirum,

1062 826 1164 894 ingruit,
1181 825 1280 888 ocrriis,
1296 837 1320 881 et
1333 827 1448 896 requiem
1462 841 1514 880 noo
1526 824 1653 880 indebant
1666 827 1709 880 die
1722 843 1753 881 oc
1766 834 1859 900 nocte,

1063 921 1199 974 dicentia:
1219 919 1352 980 Sanetus.
1368 919 1499 986 Saucius,
1521 919 1634 976 Sanctus
1650 919 1777 977 Dominus
1791 919 1862 976 Deus

1064 1012 1238 1080 omnipotens,
1258 1012 1302 1081 qui
1315 1019 1387 1078 erat,
1409 1019 1432 1066 et
1445 1012 1491 1074 otri
1505 1021 1561 1076 est,
1586 1021 1610 1067 et
1624 1012 1669 1082 gui
1682 1019 1805 1067 uenturus
1825 1020 1862 1067 est

1064 1109 1161 1181 (Aper.
1178 1126 1218 1177 tr,
1233 1111 1259 1174 l,
1273 1109 1319 1179 8).
1346 1109 1451 1178 Quibus
1464 1111 1570 1165 cunctis
1582 1112 1727 1181 perspicue
1741 1106 1863 1166 ostendi·

1066 1212 1120 1271 tur,
1142 1219 1257 1276 ortatuor
1272 1214 1377 1260 tantum
1395 1204 1540 1275 Evangelia
1561 1205 1663 1266 debere
1687 1203 1807 1276 suscipi,
1835 1214 1863 1263 et

1064 1297 1183 1354 lomnes
1192 1299 1408 1370 apocryphorum
1420 1299 1521 1354 inertias
1532 1299 1647 1356 mortuis
1662 1300 1746 1371 magis
1755 1300 1865 1356 bereti-

1067 1392 1128 1456 cis,
1149 1405 1230 1461 qurum
1247 1391 1445 1446 Ecclesiasticis
1464 1391 1536 1445 visis
1560 1390 1707 1446 canendas.
1736 1391 1864 1463 Satisque

1066 1486 1167 1548 miror,
1182 1480 1310 1540 esrrsebt
1324 1483 1511 1554 dilectissime,
1524 1499 1573 1541 cttr
1586 1483 1699 1540 Ruinam
1714 1485 1804 1540 subito
1817 1500 1866 1541 ua·

1066 1578 1222 1646 rigaturus,
1242 1577 1311 1632 banc
1329 1576 1378 1632 tibi
1392 1593 1406 1629 a
1423 1593 1466 1630 me
1478 1577 1555 1646 quasi
1567 1574 1581 1614 Ι
1595 1575 1733 1638 sitarciam
1745 1577 1805 1634 dari
1816 1592 1866 1634 ro·

1067 1669 1162 1737 lucris,
1176 1678 1204 1723 ut
1216 1669 1369 1724 liattlraeum
1383 1669 1504 1723 irreriter
1514 1684 1665 1740 exponens,
1680 1671 1773 1726 verbis
1783 1670 1868 1728 strio·

1067 1773 1173 1830 gesem,
1185 1757 1312 1814 sensibus
1323 1759 1475 1814 dilatarem.
1489 1761 1516 1815 si
1529 1761 1699 1816 meminisses
1709 1760 1867 1830 responsio·

219 1859 244 1905 et
256 1848 538 1906 uenerationem:
553 1848 600 1902 ltoo
611 1859 665 1901 erut
675 1851 701 1900 iu
712 1848 838 1919 principio
849 1848 921 1918 apud
932 1845 1016 1900 Derras
1032 1851 1054 1910 Β
1069 1853 1110 1908 nis
1125 1869 1212 1920 mon,
1228 1868 1376 1923 prinsquam
1393 1857 1419 1908 in
1434 1853 1527 1920 paucis
1547 1853 1644 1910 diebus
1658 1867 1716 1909 rem
1731 1869 1867 1916 annorum

221 1943 312 2018 (doust.
325 1946 363 2012 r).
382 1941 446 1998 llaec
458 1943 540 2012 igitur
554 1951 670 2010 quatuor
690 1940 835 2011 Errtngcila
851 1941 937 1995 multu
952 1949 1015 1993 ante

219 2037 360 2109 proedicto,
379 2033 530 2090 Ezechielis
542 2049 650 2103 ottoque
663 2033 787 2087 roinmoo
801 2032 906 2102 probet,
920 2030 947 2084 la
961 2045 1016 2101 quo

219 2129 306 2200 prima
322 2129 389 2183 risio
410 2129 446 2182 itu
462 2125 635 2182 contexitur:
654 2124 687 2178 Et
702 2126 729 2178 iu
744 2125 828 2178 aredis
842 2126 907 2176 sieut
921 2122 1017 2177 simili·

220 2214 1015 2291 tudoqrrotuoroniotetium:etuultutcot-rrmpuciesltominia,

220 2325 245 2372 et
259 2317 337 2388 facies
349 2319 439 2381 leonia,
452 2323 476 2370 et
488 2317 566 2385 {ecies
578 2316 663 2382 rituli,
679 2323 702 2370 et
713 2316 792 2386 {ories
802 2314 897 2385 oprtiim
908 2311 1015 2381 (Erech.

221 2413 268 2477 ι,5
279 2419 304 2464 ιι
318 2411 349 2465 iti
359 2415 377 2470 ι.
389 2409 479 2465 Prima
490 2408 607 2464 bominis
619 2406 863 2462 iacicsllattlrmum
873 2405 1016 2476 sigisinem,

221 2504 266 2570 tptti
277 2501 354 2572 qussi
365 2500 399 2555 de
411 2499 522 2555 ltomlne
545 2513 658 2556 exorsus
671 2511 713 2553 est
726 2499 846 2554 scubore
862 2515 869 2552 :
886 2497 962 2551 diter
972 2513 1018 2566 pe·

222 2593 363 2648 emenonis
382 2590 447 2646 iesu
469 2589 585 2658 Christi,
606 2592 661 2668 ¹pilii
685 2589 769 2644 Dauid
780 2633 788 2658 ,
818 2589 867 2660 riti
887 2587 1019 2644 Abrettene

224 2686 337 2757 (dotti.
351 2685 388 2755 ri.
405 2685 530 2740 Secunde
546 2685 684 2754 limeum,
701 2685 728 2739 in
744 2698 797 2752 nuo
812 2682 865 2756 [st.
880 2699 930 2753 ntro
941 2681 952 2755 ]
965 2697 1019 2737 rot

1068 1954 1185 2018 peteres.
1200 1945 1322 2002 Primum
1337 1948 1410 2003 enim
1426 1947 1538 2004 difficile
1551 1959 1594 2004 cst
1607 1964 1702 2006 omnes
1715 1947 1807 2022 legere
1818 1946 1866 2018 nui

1067 2038 1094 2094 iu
1111 2037 1257 2109 Evangelia
1268 2037 1336 2111 7³8
1347 2039 1526 2107 scripserunt.
1552 2039 1656 2094 lieittdo
1669 2041 1755 2099 multu
1764 2040 1865 2098 dilllci·

1067 2129 1137 2197 llus,
1168 2129 1290 2184 aditiblto
1302 2129 1425 2200 iudicio,
1446 2145 1506 2200 qttae
1521 2131 1626 2199 optima
1644 2139 1706 2187 suut
1733 2131 1866 2202 recipere.

1069 2230 1083 2260 ι
1090 2221 1201 2290 Legisse
1213 2237 1256 2276 mc
1267 2219 1353 2277 laicos
1363 2229 1426 2277 aute
1440 2235 1526 2277 annrts
1537 2223 1668 2294 plurimus
1677 2223 1868 2280 inliattbceum

1068 2315 1193 2386 Origenis
1205 2317 1299 2386 rigirrti
1313 2315 1434 2386 ‹puiuqne
1450 2317 1603 2379 volumina,
1621 2323 1650 2372 et
1671 2314 1784 2371 totidem
1808 2315 1869 2387 ejus

1069 2409 1211 2468 ilomtitas.
1225 2410 1473 2478 commaticumque
1484 2411 1716 2477 interpretationis
1726 2423 1827 2480 genus:
1840 2415 1870 2466 et

1069 2499 1484 2571 'lirerspirltidntioebeuaeurbis
1494 2501 1614 2570 episcopi
1624 2498 1844 2557 Commentarios
1859 2518 1867 2556 a

1070 2594 1208 2664 Hippolyti
1223 2604 1331 2664 (proque
1344 2593 1484 2664 martyris,
1498 2599 1526 2648 et
1537 2591 1674 2648 'llteodori
1688 2590 1868 2661 lleracleotre,

1069 2685 1289 2756 Aprodloarisque
1302 2682 1460 2749 Laodiceni,
1473 2700 1504 2739 ac
1514 2684 1620 2756 ltidpmi
1631 2683 1808 2740 Alexandrini
1821 2701 1828 2751 ;
1841 2692 1870 2741 et

221 2778 311 2834 ieonis
324 2779 350 2833 iu
366 2791 459 2834 eremo
475 2774 607 2847 rugientis
620 2777 750 2832 cruditur:
773 2774 829 2830 lou
842 2774 978 2830 clementis
991 2775 1020 2828 ia
1069 2778 1238 2843 Latinorum,
1258 2777 1365 2844 llilrrii,
1384 2773 1550 2842 victurini,¹
1566 2776 1753 2832 Fortunatianl
1779 2772 1872 2847 tipus·

222 2871 324 2925 ἀιιιιιι
334 2867 388 2942 [at.
403 2869 511 2942 eremo],
528 2879 618 2939 perere
631 2873 699 2924 ulum
715 2865 832 2934 duritiei,
846 2875 930 2923 rectus
943 2867 1021 2938 facite
1071 2871 1142 2934 cula,
1158 2887 1174 2926 e
1188 2871 1287 2940 utribus
1305 2869 1413 2927 etiarnsi
1427 2884 1509 2938 parra
1524 2883 1679 2946 carperem⁸
1691 2867 1804 2939 dignum
1819 2866 1872 2924 all·

222 2963 325 3018 semitas
340 2959 544 3032 einsidlensi,
560 2961 601 3030 5).
619 2957 711 3019 Tertia
723 2960 814 3028 uituli,
828 2975 889 3035 quus
904 2975 1020 3032 estange·
1071 2963 1136 3032 quid
1150 2962 1279 3016 mensoria
1293 2961 1468 3019 scriberetur.
1482 2959 1586 3018 rittuin
1599 2957 1703 3025 duobus
1717 2959 1869 3023 ltcbdoma·

224 3052 313 3119 iistam
324 3051 425 3111 Lucam
436 3069 451 3111 a
461 3052 592 3110 Zacharia
603 3052 746 3118 secerdote
754 3051 904 3122 sumpsisse
914 3052 1019 3110 initium
1074 3059 1166 3121 diluis,
1181 3057 1343 3112 imminente
1351 3054 1408 3125 istu
1421 3053 1534 3117 Pascite,
1550 3063 1580 3110 et
1590 3052 1757 3122 spirantibus
1767 3053 1868 3118 ventis,

223 3135 388 3218 praefigurat.
410 3146 511 3213 Quarta
524 3146 657 3201 loannem
672 3146 866 3216 evangelistam
882 3187 888 3211 ,
913 3147 959 3216 qui
973 3158 1019 3200 ss·
1073 3149 1176 3205 dicture
1184 3149 1309 3217 ruccogis
1320 3168 1327 3204 :
1338 3147 1483 3218 utquando
1493 3145 1591 3201 notarii
1600 3145 1748 3218 excipiant,
1760 3145 1871 3215 quatrdo

223 3239 338 3310 sumptis
359 3241 456 3310 pennis
478 3239 597 3316 aquiiae,
617 3247 645 3294 et
658 3237 692 3294 ad
707 3238 802 3294 altiora
817 3237 968 3319 lestiuaus,
984 3224 1056 3296 dsC
1072 3245 1226 3310 scribantur
1235 3241 1385 3308 schedula,
1397 3240 1506 3312 qrrsndo
1515 3239 1707 3306 emendentur.
1719 3255 1773 3310 uuo
1783 3237 1874 3308 spatio

223 3329 315 3388 verbo
330 3329 377 3386 bet
392 3329 523 3401 dispulit·
543 3329 647 3389 Caeieit
663 3347 722 3398 tiit}
737 3341 889 3401 Stiliiibliit
902 3330 928 3386 iii
943 3347 1022 3388 eum·
1073 3340 1231 3408 digerantur
1242 3335 1277 3392 sd
1288 3349 1395 3404 purum,
1408 3333 1549 3388 lmualtoe
1560 3346 1623 3386 cum
1638 3336 1710 3388 seius
1721 3331 1809 3387 meite
1823 3331 1874 3386 tri·

224 3421 286 3478 dem
302 3436 412 3480 sensum
426 3422 581 3492 pmleiunt.
600 3423 685 3480 Crura
704 3438 798 3478 eorum
812 3435 897 3490 rocta,
914 3433 942 3478 et
955 3439 1023 3495 pen·
1074 3432 1124 3484 bus
1136 3427 1275 3483 taetrsibns
1286 3425 1431 3495 languisse,
1443 3424 1521 3478 tutrix
1534 3435 1605 3478 nunc
1614 3424 1719 3494 ingredi
1730 3423 1871 3496 incipiam3

224 3517 281 3571 nati
296 3517 400 3602 pedes,
419 3523 448 3574 et
461 3530 633 3588 otiosumque
655 3517 714 3572 ibat
728 3519 854 3588 spiritus,
878 3519 967 3586 ibunt,
994 3526 1023 3574 ct
1075 3539 1127 3585 neu
1138 3523 1238 3592 possim
1253 3523 1352 3578 torporis
1366 3517 1579 3595 magrritudiuem
1591 3517 1726 3581 inreritate
1739 3515 1874 3588 temporis

224 3622 278 3662 tum
302 3607 528 3671 revertebantur:
553 3617 581 3666 et
601 3605 682 3672 dorsa
707 3623 801 3668 eorum
817 3611 896 3680 plena
916 3609 1020 3676 oculis,
1074 3629 1262 3686 compensare.
1285 3614 1388 3684 igitur,
1413 3611 1514 3667 ortissu
1539 3609 1702 3667 auctoritato
1719 3609 1872 3677 ictorum,

225 3708 253 3754 et
267 3700 394 3759 scintille
413 3715 445 3756 ae
462 3699 601 3770 tampades
616 3701 642 3758 iu
665 3700 755 3756 medio
770 3701 973 3770 discurrentes,
994 3711 1023 3756 ei
1075 3723 1145 3778 ortos
1167 3721 1218 3763 nec
1233 3706 1361 3777 legendi,
1385 3719 1438 3760 nec
1451 3703 1583 3772 sequendi
1598 3703 1667 3771 milri
1678 3701 1795 3758 leonitas
1808 3703 1875 3760 datr

226 3800 285 3848 rots
310 3793 339 3848 iu
352 3799 422 3862 rota,
438 3801 467 3847 et
488 3793 513 3846 in
536 3791 649 3864 singulis
663 3800 779 3862 grtatrror
792 3793 886 3849 iacies.
903 3793 979 3848 llnde
994 3803 1022 3850 et
1075 3808 1127 3864 est,
1143 3798 1298 3854 historicam
1313 3797 1576 3868 interpretationem,
1587 3806 1666 3867 quam
1676 3793 1874 3867 precipucpo·

226 3884 406 3970 Apocalypsis
421 3883 545 3955 loannis,
563 3893 624 3968 post
638 3887 834 3956 expositionem
847 3887 942 3958 uiginti
954 3904 1021 3960 qua·
1075 3890 1192 3957 mutasti,
1204 3889 1304 3960 digessi
1317 3889 1437 3957 breuiter
1451 3906 1458 3947 s
1471 3895 1501 3945 et
1515 3885 1652 3947 interdurn
1662 3886 1812 3968 spiritualis
1826 3888 1874 3946 in·

227 3987 290 4036 tuor
304 3981 443 4044 seruorum
452 3982 498 4050 qui
513 3988 639 4039 tenentes
652 3979 772 4037 citburas
785 3991 813 4034 et
828 3981 942 4050 piriulas,
955 3981 1023 4037 atlo-
1074 3981 1233 4051 telligeutlae
1246 3979 1328 4047 liores
1341 3979 1438 4034 miscui
1451 4022 1458 4045 ,
1472 3976 1626 4049 perlectum
1644 3989 1714 4057 opat
1729 3991 1873 4035 reservam

225 4072 323 4128 rsbsut
339 4069 539 4144 [alladorum]
551 4073 656 4143 sgnum
668 4070 726 4133 liei,
742 4071 890 4127 introducit
902 4071 1021 4146 irrigura,
1073 4077 1101 4134 in
1114 4086 1264 4149 posterum.
1275 4073 1304 4132 Si
1314 4083 1405 4130 autern
1420 4070 1577 4130 mistirio
1591 4071 1807 4146 longioriuerit,
1823 4081 1873 4142 aut

226 4175 255 4223 ct
268 4167 398 4248 tonitrus,
413 4173 442 4221 et
453 4175 558 4238 septem
568 4165 681 4237 spiritus
691 4165 888 4236 discurrentes,
903 4176 932 4226 ιι
945 4183 1022 4227 usare
1073 4180 1103 4226 tu
1116 4167 1143 4225 iu
1158 4168 1299 4234 redeundo
1310 4177 1355 4229 tua
1368 4167 1502 4238 promisso
1512 4153 1706 4236 compleveris,
1720 4174 1786 4227 turc
1798 4164 1873 4225 nitur

262 4365 276 4396 ι
290 4353 363 4410 liditi
375 4353 484 4424 legttutr
499 4351 574 4406 liade
581 4359 605 4405 et
619 4348 801 4404 Ecclesiastico
809 4360 909 4414 norat,
918 4359 972 4406 etc.
984 4349 1015 4406 lu
1069 4347 1519 4418 uosoptnsprorsuistrosumttnr‚
1528 4343 1675 4416 uuoeduila
1684 4345 1868 4400 contineatur.

224 4427 328 4510 aliquot
338 4437 403 4480 mss.
415 4422 554 4478 corticibus
568 4428 730 4486 prrstroeem
741 4437 918 4490 prorumpere,
928 4424 1016 4491 segui-
1106 4431 1119 4459 ι
1133 4422 1191 4475 ltrro
1204 4435 1285 4485 nass,
1296 4419 1369 4493 Legi,
1381 4419 1511 4488 [oreon-et
1523 4432 1595 4482 tutrix,
1611 4417 1762 4483 adamantii
1770 4429 1871 4472 numen

224 4506 269 4552 ιιι
283 4515 291 4551 s
307 4507 335 4552 ut
351 4494 531 4550 Emissiotticu
551 4499 660 4560 nomm,
676 4502 729 4547 ιιι.
745 4491 795 4546 ollii
811 4491 928 4546 retinent
943 4493 1015 4560 ruod
1069 4507 1120 4564 pro
1133 4493 1272 4565 cerpente-
1284 4491 1405 4554 demmu,
1421 4489 1602 4544 commotisunt
1616 4501 1718 4559 quoque
1733 4501 1783 4559 pro
1798 4502 1872 4542 cont-

223 4566 367 4628 edidimus.
384 4562 675 4621 lltnr.-Gontioerrti
690 4561 764 4617 serie
777 4563 830 4616 tirso
844 4565 956 4617 i'alsttni
967 4579 1016 4616 re·
1070 4564 1243 4633 rrrottcompoe
1257 4561 1415 4632 proterunt.

226 4641 354 4695 iustiores
369 4651 434 4692 mss.
452 4638 563 4704 legant,
580 4647 764 4703 prorumpere,
787 4641 815 4686 ut
832 4633 1017 4686 Ecclesiastico
1107 4634 1119 4673 f
1137 4635 1164 4688 lu
1179 4637 1239 4688 aliis
1252 4649 1316 4688 mss.
1337 4627 1499 4686 Fortunatus
1512 4630 1676 4702 appellator,
1691 4629 1727 4686 (le
1740 4643 1794 4700 otto
1805 4617 1870 4686 lsilt.

225 4707 317 4764 oumet'
328 4709 446 4764 historie
458 4707 511 4763 diii
521 4720 582 4760 cum
593 4705 697 4773 pridem
710 4703 828 4776 vulgatis
839 4704 926 4772 libris,
942 4703 1018 4760 Uinde
1070 4705 1109 4761 de
1119 4705 1192 4760 liris
1202 4705 1355 4760 illustribus
1365 4717 1426 4768 capr.
1442 4703 1488 4756 st.
1503 4703 1563 4756 linx
1577 4716 1782 4769 proserperent,
1796 4701 1872 4774 quod

224 4791 249 4835 et
264 4777 523 4846 immersissem.
596 4781 599 4788 '
1034 4767 1057 4825 D
1070 4779 1155 4832 uostri
1171 4791 1237 4831 mss.
1251 4776 1429 4835 substituunt,
1447 4773 1545 4828 lectum
1560 4786 1639 4827 storea
1651 4786 1780 4842 reperero.

259 4851 276 4892 δ
290 4851 365 4914 Usus
377 4851 407 4905 S.
422 4849 515 4905 Crucis
528 4860 605 4911 mss,
620 4853 643 4899 et
658 4843 745 4900 cautio
755 4845 965 4917 epocrppltorttut
977 4861 1019 4900 ue·
1107 4858 1121 4897 a
1135 4849 1207 4902 Satis
1217 4847 1360 4903 commoda
1371 4845 1425 4900 duo
1434 4845 1549 4898 Palatini
1561 4858 1626 4897 mss.
1639 4843 1752 4907 addunt,
1765 4841 1873 4896 minime

224 4939 293 4990 aeus
305 4923 425 4990 neruis,
448 4931 501 4977 etc.
518 4917 651 4974 Eusebius
666 4930 860 4986 porrc,quem
873 4919 900 4971 b.
918 4915 1019 4971 linimur
1070 4920 1197 4974 ntteudus.
1225 4921 1359 4974 Ceterum
1379 4912 1873 4984 bucsuntotuniuorriereuda,quse

224 5010 258 5049 co
323 4993 381 5061 ilat,
395 4991 591 5048 celeberrimus
606 4989 652 5042 ille
665 4990 857 5045 cremonensis
868 4995 919 5053 est,
935 4990 976 5041 cai
991 4996 1020 5042 et
1071 4992 1106 5045 de
1125 5005 1195 5061 agra
1208 4990 1374 5054 valetudiue,
1390 4988 1479 5065 deque
1493 4988 1552 5054 ipso
1566 4983 1871 5040 uattbaeicooooeota-

225 5065 291 5120 lule
306 5065 404 5119 emiam
411 5061 631 5119 Commentarios
639 5058 910 5131 inscripsit,etquem
918 5059 1019 5128 passim
1070 5065 1112 5115 rio
1126 5062 1198 5128 oraria
1211 5062 1252 5116 bis
1264 5063 1321 5130 ipsse
1336 5069 1468 5117 ntcnrorut
1485 5057 1665 5180 ilirroupmos
1676 5057 1704 5109 in
1716 5055 1770 5109 line
1782 5057 1872 5124 ijpist,

226 5127 402 5192 altbtioudst.
855 5139 857 5144 '
1071 5131 1353 5202 idatllirungelttru:
1382 5129 1517 5200 tuomst,
1535 5145 1581 5197 por
1607 5127 1711 5198 loupom
1723 5127 1873 5198 egrotatio-

264 5217 276 5246 ·
292 5205 426 5262 Eusebius
441 5205 491 5260 iste
504 5203 697 5259 Cremonensis
712 5210 764 5265 est,
777 5201 820 5256 cal
836 5200 917 5255 etiam
934 5198 961 5254 in
974 5198 1022 5255 Je-
1071 5204 1187 5257 aestiuis
1205 5206 1231 5257 in
1248 5203 1453 5272 Quadrupssioro
1476 5200 1567 5254 diebus
1589 5198 1655 5268 febri
1673 5211 1760 5260 curere
1773 5197 1872 5280 potui.-

226 5281 339 5333 remiam
353 5275 571 5332 Goutntentarins
582 5272 717 5328 dedicarit
728 5273 918 5342 Hieronymus.
934 5271 1022 5326 l‘orro
1072 5281 1098 5328 et
1108 5290 1167 5326 cum
1181 5275 1254 5327 elteri
1267 5291 1306 5327 rue
1317 5275 1390 5341 operi
1403 5287 1588 5359 prepararem,
1602 5285 1698 5338 pouces
1708 5267 1814 5338 diugut
1824 5282 1873 5320 su·

224 5365 278 5404 tion
290 5347 341 5402 imi
352 5348 517 5420 liierouymo
527 5345 692 5414 torigiorrita
704 5345 738 5399 ad
746 5342 928 5412 perficiendos
939 5343 1021 5397 (lotn-
1073 5356 1203 5414 pererrat,
1220 5349 1247 5398 ιιι
1262 5343 1380 5398 lirrttiroei
1392 5343 1551 5411 expositione
1561 5340 1731 5409 currsarupst':
1746 5347 1872 5408 tortuque

224 5420 374 5476 mensarios
385 5421 412 5473 in
427 5419 594 5482 ltattbmrno,
609 5415 647 5470 uti
660 5431 689 5470 se
701 5419 832 5471 lucturum
844 5425 1018 5480 sperauerat,
1072 5417 1197 5472 ouiditute
1207 5418 1295 5473 storto
1309 5417 1403 5470 onrisso
1418 5415 1522 5476 rorterio·
1531 5454 1539 5479 ,
1564 5419 1592 5466 til
1609 5417 1678 5482 (ivvii
1693 5408 1874 5465 concitatione·

226 5505 313 5560 neqtte
327 5491 437 5556 scripsit
451 5490 477 5544 in
490 5489 630 5545 Canticum
644 5484 831 5552 canticorum,
852 5485 914 5554 grtia
929 5485 962 5539 ab
977 5484 1020 5540 bis
1072 5487 1170 5558 lingum
1181 5490 1287 5558 mositii.
1303 5487 1417 5539 uornrrit
1430 5485 1545 5551 corporis
1555 5481 1705 5538 oaletmlini.

223 5561 352 5629 operibus
365 5561 542 5631 aegrotatione
552 5559 723 5614 diuturnitas
736 5558 843 5613 tsndetn
857 5569 945 5612 murto
959 5559 1019 5626 ipsa
1110 5559 1124 5597 l
1138 5559 1228 5612 Perses
1243 5558 1410 5622 llictrrrium,
1429 5556 1489 5609 l'itu
1507 5556 1614 5628 largior,
1630 5553 1656 5608 id
1669 5561 1722 5614 cst,
1737 5565 1797 5619 narr
1814 5563 1873 5610 nort

224 5634 351 5688 cxrltrsus
365 5647 416 5686 est.
438 5634 527 5687 bitur.
1073 5645 1145 5700 :rgra
1157 5633 1269 5684 suirirnls
1280 5632 1385 5682 iairorct
1395 5626 1565 5681 raiotmlioe:
1577 5625 1719 5693 placetum
1732 5624 1801 5678 arico
1813 5635 1874 5677 ma·

258 5699 374 5757 lliostri
390 5719 455 5760 mss.
473 5703 561 5757 tuiutts
574 5700 799 5765 rectasrriptura,
812 5715 871 5768 oruc
889 5708 976 5753 tamen
991 5699 1019 5754 ln
1073 5703 1115 5771 gis
1140 5703 1198 5754 buc
1225 5703 1315 5754 lectio.
1340 5699 1470 5754 Nimirum
1495 5698 1676 5780 llierougnrus
1690 5695 1783 5765 uiginti
1809 5693 1874 5759 plus

223 5775 359 5829 veteribus
368 5774 443 5828 ltirrts
459 5775 538 5828 ‹riri-ta
551 5783 604 5843 est,
616 5773 788 5833 sistarcitiom,
803 5779 849 5825 atti
864 5772 1019 5826 cisterciens.
1075 5774 1163 5827 urirtus
1173 5787 1259 5826 auitos
1271 5773 1305 5826 ab
1320 5771 1369 5824 bac
1379 5769 1583 5827 elucubratione
1595 5783 1622 5820 tu
1633 5766 1703 5821 titiis
1716 5765 1870 5836 superfuit:

220 5846 314 5900 Graece
328 5846 564 5921 errupetndicitur,
575 5851 881 5914 sottatquccontrteutunt
894 5845 939 5900 :itt
948 5842 1022 5900 Lati·
1074 5847 1195 5915 satisque
1205 5842 1330 5914 imperite
1345 5850 1466 5898 notatum
1481 5849 1524 5895 est
1537 5839 1706 5908 llartiuuaru,
1718 5851 1772 5896 uon
1783 5835 1872 5894 luisse
