<?xml version="1.0" encoding="UTF-8"?>
<!DOCTYPE html PUBLIC "-//W3C//DTD XHTML 1.0 Transitional//EN"
    "http://www.w3.org/TR/xhtml1/DTD/xhtml1-transitional.dtd">
<html xmlns="http://www.w3.org/1999/xhtml" xml:lang="en" lang="en">
 <head>
  <title>
</title>
<meta http-equiv="Content-Type" content="text/html;charset=utf-8" />
  <meta name='ocr-system' content='tesseract 3.04.00' />
  <meta name='ocr-capabilities' content='ocr_page ocr_carea ocr_par ocr_line ocrx_word'/>
</head>
<body>
  <div class='ocr_page' id='page_1' title='image "./patrologiaecurs240unkngoog_0160.png"; bbox 0 0 4000 6334; ppageno 0'>
   <div class='ocr_carea' id='block_1_1' title="bbox 216 123 1245 187">
    <p class='ocr_par' dir='ltr' id='par_1_1' title="bbox 216 123 1245 187">
     <span class='ocr_line' id='line_1_1' title="bbox 216 123 1245 187; baseline 0.001 -1"><span class='ocrx_word' id='word_1_1' title='bbox 216 123 272 186; x_wconf 65' lang='lat' dir='ltr'><strong><em>w</em></strong></span> <span class='ocrx_word' id='word_1_2' title='bbox 841 127 876 186; x_wconf 75' lang='lat'>8·</span> <span class='ocrx_word' id='word_1_3' title='bbox 894 127 1032 186; x_wconf 71' lang='lat' dir='ltr'>ltsm</span> <span class='ocrx_word' id='word_1_4' title='bbox 1050 129 1245 187; x_wconf 64' lang='lat' dir='ltr'>tolmone</span> 
     </span>
    </p>
   </div>
   <div class='ocr_carea' id='block_1_2' title="bbox 1822 134 1882 192">
    <p class='ocr_par' dir='ltr' id='par_1_2' title="bbox 1822 134 1882 192">
     <span class='ocr_line' id='line_1_2' title="bbox 1822 134 1882 192; baseline 0 0"><span class='ocrx_word' id='word_1_5' title='bbox 1822 134 1882 192; x_wconf 73' lang='lat'>5⁰8</span> 
     </span>
    </p>
   </div>
   <div class='ocr_carea' id='block_1_3' title="bbox 207 234 1870 304">
    <p class='ocr_par' dir='ltr' id='par_1_3' title="bbox 207 234 1870 304">
     <span class='ocr_line' id='line_1_3' title="bbox 207 234 1870 304; baseline 0.001 -13"><span class='ocrx_word' id='word_1_6' title='bbox 207 234 1870 304; x_wconf 46' lang='lat' dir='ltr'>emm</span> 
     </span>
    </p>
   </div>
   <div class='ocr_carea' id='block_1_4' title="bbox 517 395 1575 526">
    <p class='ocr_par' dir='ltr' id='par_1_4' title="bbox 517 395 1575 526">
     <span class='ocr_line' id='line_1_4' title="bbox 517 395 1575 526; baseline 0.004 -4"><span class='ocrx_word' id='word_1_7' title='bbox 517 399 594 522; x_wconf 73' lang='grc' dir='ltr'>Ι.</span> <span class='ocrx_word' id='word_1_8' title='bbox 628 395 997 522; x_wconf 68' lang='lat' dir='ltr'>zoom</span> <span class='ocrx_word' id='word_1_9' title='bbox 1032 402 1575 526; x_wconf 72' lang='lat' dir='ltr'>-OM</span> 
     </span>
    </p>
   </div>
   <div class='ocr_carea' id='block_1_5' title="bbox 766 622 1321 690">
    <p class='ocr_par' dir='ltr' id='par_1_5' title="bbox 766 622 1321 690">
     <span class='ocr_line' id='line_1_5' title="bbox 766 622 1321 690; baseline 0.004 -1"><span class='ocrx_word' id='word_1_10' title='bbox 766 622 1053 690; x_wconf 65' lang='lat' dir='ltr'>monete</span> <span class='ocrx_word' id='word_1_11' title='bbox 1071 624 1321 690; x_wconf 58' lang='lat' dir='ltr'>mosomo]</span> 
     </span>
    </p>
   </div>
   <div class='ocr_carea' id='block_1_6' title="bbox 592 800 1493 941">
    <p class='ocr_par' dir='ltr' id='par_1_6' title="bbox 592 800 1493 941">
     <span class='ocr_line' id='line_1_6' title="bbox 592 800 1493 941; baseline -0.002 -1"><span class='ocrx_word' id='word_1_12' title='bbox 592 800 1493 941; x_wconf 77' lang='lat' dir='ltr'><strong>&#39;COMMENTARIORL&#39;M</strong></span> 
     </span>
    </p>
   </div>
   <div class='ocr_carea' id='block_1_7' title="bbox 264 1041 1834 1372">
    <p class='ocr_par' dir='ltr' id='par_1_7' title="bbox 264 1041 1834 1372">
     <span class='ocr_line' id='line_1_7' title="bbox 264 1041 1834 1372; baseline 0.006 -10"><span class='ocrx_word' id='word_1_13' title='bbox 264 1197 967 1368; x_wconf 76' lang='lat' dir='ltr'>EblsTotmnl</span> <span class='ocrx_word' id='word_1_14' title='bbox 1026 1041 1195 1364; x_wconf 59' lang='lat' dir='ltr'>Ltill)</span> <span class='ocrx_word' id='word_1_15' title='bbox 1260 1199 1834 1372; x_wconf 74' lang='lat' dir='ltr'><strong>GALATAS</strong></span> 
     </span>
    </p>
   </div>
   <div class='ocr_carea' id='block_1_8' title="bbox 867 1464 1228 1553">
    <p class='ocr_par' dir='ltr' id='par_1_8' title="bbox 867 1464 1228 1553">
     <span class='ocr_line' id='line_1_8' title="bbox 867 1464 1228 1553; baseline -0.003 -4"><span class='ocrx_word' id='word_1_16' title='bbox 867 1466 1024 1553; x_wconf 84' lang='lat' dir='ltr'>LIBRI</span> <span class='ocrx_word' id='word_1_17' title='bbox 1060 1464 1228 1552; x_wconf 86' lang='lat' dir='ltr'><strong>TRES.</strong></span> 
     </span>
    </p>
   </div>
   <div class='ocr_carea' id='block_1_9' title="bbox 825 1756 1263 1869">
    <p class='ocr_par' dir='ltr' id='par_1_9' title="bbox 825 1756 1263 1869">
     <span class='ocr_line' id='line_1_9' title="bbox 825 1756 1263 1869; baseline 0 -3"><span class='ocrx_word' id='word_1_18' title='bbox 825 1756 1263 1869; x_wconf 68' lang='lat' dir='ltr'>enubentis·</span> 
     </span>
    </p>
   </div>
   <div class='ocr_carea' id='block_1_10' title="bbox 881 1985 1224 2006">
    <p class='ocr_par' dir='ltr' id='par_1_10' title="bbox 881 1985 1224 2006">
     <span class='ocr_line' id='line_1_10' title="bbox 881 1985 1224 2006; baseline -0.006 0"><span class='ocrx_word' id='word_1_19' title='bbox 881 1985 1224 2006; x_wconf 47' lang='grc' dir='ltr'><strong>ψ</strong></span> 
     </span>
    </p>
   </div>
   <div class='ocr_carea' id='block_1_11' title="bbox 220 2119 1893 3046">
    <p class='ocr_par' dir='ltr' id='par_1_11' title="bbox 220 2119 1893 3046">
     <span class='ocr_line' id='line_1_11' title="bbox 254 2119 1885 2206; baseline 0.015 -44"><span class='ocrx_word' id='word_1_20' title='bbox 254 2127 436 2206; x_wconf 65' lang='lat' dir='ltr'>W‘m</span> <span class='ocrx_word' id='word_1_21' title='bbox 448 2125 530 2184; x_wconf 65' lang='lat' dir='ltr'>11,ch</span> <span class='ocrx_word' id='word_1_22' title='bbox 555 2123 702 2186; x_wconf 52' lang='lat' dir='ltr'>manin</span> <span class='ocrx_word' id='word_1_23' title='bbox 720 2121 783 2182; x_wconf 76' lang='lat' dir='ltr'>dies</span> <span class='ocrx_word' id='word_1_24' title='bbox 803 2129 880 2192; x_wconf 83' lang='lat' dir='ltr'>sunt,</span> <span class='ocrx_word' id='word_1_25' title='bbox 894 2119 954 2178; x_wconf 62' lang='lat' dir='ltr'>iet</span> <span class='ocrx_word' id='word_1_26' title='bbox 964 2134 1020 2194; x_wconf 84' lang='lat' dir='ltr'>qno</span> <span class='ocrx_word' id='word_1_27' title='bbox 1032 2122 1060 2184; x_wconf 81' lang='grc' dir='ltr'><strong>Α</strong></span> <span class='ocrx_word' id='word_1_28' title='bbox 1071 2120 1240 2185; x_wconf 70' lang='lat' dir='ltr'>anctoritasz</span> <span class='ocrx_word' id='word_1_29' title='bbox 1256 2121 1306 2180; x_wconf 84' lang='lat' dir='ltr'>sed</span> <span class='ocrx_word' id='word_1_30' title='bbox 1319 2123 1496 2183; x_wconf 77' lang='lat' dir='ltr'>examinabat</span> <span class='ocrx_word' id='word_1_31' title='bbox 1509 2127 1613 2192; x_wconf 69' lang='lat' dir='ltr'>omum,</span> <span class='ocrx_word' id='word_1_32' title='bbox 1628 2135 1657 2184; x_wconf 89' lang='lat' dir='ltr'>et</span> <span class='ocrx_word' id='word_1_33' title='bbox 1671 2127 1766 2202; x_wconf 65' lang='lat' dir='ltr'>sagam</span> <span class='ocrx_word' id='word_1_34' title='bbox 1781 2139 1885 2186; x_wconf 88' lang='lat' dir='ltr'>mento</span> 
     </span>
     <span class='ocr_line' id='line_1_12' title="bbox 221 2213 1891 2298; baseline 0.002 -19"><span class='ocrx_word' id='word_1_35' title='bbox 221 2223 370 2298; x_wconf 76' lang='lat' dir='ltr'>enitentem</span> <span class='ocrx_word' id='word_1_36' title='bbox 389 2219 466 2276; x_wconf 74' lang='lat' dir='ltr'>Penii</span> <span class='ocrx_word' id='word_1_37' title='bbox 479 2217 514 2276; x_wconf 73' lang='lat' dir='ltr'>ad</span> <span class='ocrx_word' id='word_1_38' title='bbox 540 2217 730 2279; x_wconf 75' lang='lat' dir='ltr'>Philemonem</span> <span class='ocrx_word' id='word_1_39' title='bbox 756 2214 966 2288; x_wconf 83' lang='lat' dir='ltr'>interpretatos,</span> <span class='ocrx_word' id='word_1_40' title='bbox 984 2213 1023 2270; x_wconf 78' lang='lat' dir='ltr'>ati</span> <span class='ocrx_word' id='word_1_41' title='bbox 1073 2215 1203 2272; x_wconf 80' lang='lat' dir='ltr'>uniuersa</span> <span class='ocrx_word' id='word_1_42' title='bbox 1218 2216 1361 2286; x_wconf 71' lang='lat' dir='ltr'>penmlnt,</span> <span class='ocrx_word' id='word_1_43' title='bbox 1379 2227 1466 2276; x_wconf 87' lang='lat' dir='ltr'>nttoe</span> <span class='ocrx_word' id='word_1_44' title='bbox 1490 2220 1622 2293; x_wconf 81' lang='lat' dir='ltr'>sentirem</span> <span class='ocrx_word' id='word_1_45' title='bbox 1640 2237 1695 2278; x_wconf 89' lang='lat' dir='ltr'>oon</span> <span class='ocrx_word' id='word_1_46' title='bbox 1710 2232 1767 2280; x_wconf 75' lang='lat' dir='ltr'>um</span> <span class='ocrx_word' id='word_1_47' title='bbox 1795 2225 1891 2282; x_wconf 85' lang='lat' dir='ltr'>disci·</span> 
     </span>
     <span class='ocr_line' id='line_1_13' title="bbox 220 2306 1891 2388; baseline -0.001 -11"><span class='ocrx_word' id='word_1_48' title='bbox 220 2317 336 2378; x_wconf 68' lang='lat' dir='ltr'>mutat</span> <span class='ocrx_word' id='word_1_49' title='bbox 350 2311 584 2382; x_wconf 65' lang='lat' dir='ltr'>incumbente,</span> <span class='ocrx_word' id='word_1_50' title='bbox 599 2312 696 2380; x_wconf 72' lang='lat' dir='ltr'>moitis</span> <span class='ocrx_word' id='word_1_51' title='bbox 710 2320 864 2375; x_wconf 75' lang='lat' dir='ltr'>teltomttt</span> <span class='ocrx_word' id='word_1_52' title='bbox 886 2311 915 2366; x_wconf 85' lang='lat' dir='ltr'>io</span> <span class='ocrx_word' id='word_1_53' title='bbox 928 2309 1023 2368; x_wconf 80' lang='lat' dir='ltr'>medio</span> <span class='ocrx_word' id='word_1_54' title='bbox 1075 2306 1167 2377; x_wconf 80' lang='lat' dir='ltr'>polam</span> <span class='ocrx_word' id='word_1_55' title='bbox 1193 2307 1308 2374; x_wconf 80' lang='lat' dir='ltr'>babere.</span> <span class='ocrx_word' id='word_1_56' title='bbox 1336 2326 1418 2382; x_wconf 73' lang='lat' dir='ltr'>quon</span> <span class='ocrx_word' id='word_1_57' title='bbox 1443 2311 1575 2382; x_wconf 81' lang='lat' dir='ltr'>judicent.</span> <span class='ocrx_word' id='word_1_58' title='bbox 1590 2314 1685 2388; x_wconf 77' lang='lat' dir='ltr'>itaque</span> <span class='ocrx_word' id='word_1_59' title='bbox 1705 2317 1782 2384; x_wconf 83' lang='lat' dir='ltr'>quod</span> <span class='ocrx_word' id='word_1_60' title='bbox 1799 2327 1832 2374; x_wconf 88' lang='lat' dir='ltr'>et</span> <span class='ocrx_word' id='word_1_61' title='bbox 1847 2320 1891 2376; x_wconf 91' lang='lat' dir='ltr'>illi</span> 
     </span>
     <span class='ocr_line' id='line_1_14' title="bbox 220 2399 1889 2488; baseline -0.002 -18"><span class='ocrx_word' id='word_1_62' title='bbox 220 2411 438 2488; x_wconf 64' lang='lat' dir='ltr'>pretemisoiu</span> <span class='ocrx_word' id='word_1_63' title='bbox 462 2418 491 2467; x_wconf 82' lang='lat' dir='ltr'>et</span> <span class='ocrx_word' id='word_1_64' title='bbox 505 2421 572 2467; x_wconf 77' lang='lat' dir='ltr'>ecoe</span> <span class='ocrx_word' id='word_1_65' title='bbox 596 2407 688 2473; x_wconf 75' lang='lat' dir='ltr'>sumto</span> <span class='ocrx_word' id='word_1_66' title='bbox 702 2406 804 2466; x_wconf 71' lang='lat' dir='ltr'>littera</span> <span class='ocrx_word' id='word_1_67' title='bbox 817 2404 885 2465; x_wconf 83' lang='lat' dir='ltr'>milti</span> <span class='ocrx_word' id='word_1_68' title='bbox 899 2406 935 2462; x_wconf 75' lang='lat' dir='ltr'>de</span> <span class='ocrx_word' id='word_1_69' title='bbox 947 2404 1024 2465; x_wconf 82' lang='lat' dir='ltr'>Urbe</span> <span class='ocrx_word' id='word_1_70' title='bbox 1074 2399 1181 2456; x_wconf 76' lang='lat' dir='ltr'>absenti</span> <span class='ocrx_word' id='word_1_71' title='bbox 1194 2409 1351 2472; x_wconf 75' lang='lat' dir='ltr'>pergratum</span> <span class='ocrx_word' id='word_1_72' title='bbox 1370 2400 1440 2466; x_wconf 79' lang='lat' dir='ltr'>iore.</span> <span class='ocrx_word' id='word_1_73' title='bbox 1456 2414 1485 2460; x_wconf 83' lang='lat' dir='ltr'>et</span> <span class='ocrx_word' id='word_1_74' title='bbox 1502 2405 1652 2482; x_wconf 70' lang='lat' dir='ltr'>vobisque</span> <span class='ocrx_word' id='word_1_75' title='bbox 1671 2408 1699 2464; x_wconf 93' lang='lat' dir='ltr'>io</span> <span class='ocrx_word' id='word_1_76' title='bbox 1714 2411 1889 2480; x_wconf 76' lang='lat' dir='ltr'>praesentia-</span> 
     </span>
     <span class='ocr_line' id='line_1_15' title="bbox 220 2493 1892 2574; baseline 0.01 -28"><span class='ocrx_word' id='word_1_77' title='bbox 220 2507 315 2566; x_wconf 52' lang='grc' dir='ltr'>,μω</span> <span class='ocrx_word' id='word_1_78' title='bbox 342 2512 431 2573; x_wconf 59' lang='lat' dir='ltr'>gunt,</span> <span class='ocrx_word' id='word_1_79' title='bbox 456 2501 614 2561; x_wconf 72' lang='lat' dir='ltr'>nuntiantes</span> <span class='ocrx_word' id='word_1_80' title='bbox 625 2509 655 2566; x_wconf 79' lang='lat' dir='ltr'>et</span> <span class='ocrx_word' id='word_1_81' title='bbox 680 2498 811 2561; x_wconf 69' lang='lat' dir='ltr'>Albinam</span> <span class='ocrx_word' id='word_1_82' title='bbox 834 2499 1022 2560; x_wconf 77' lang='lat' dir='ltr'>venerabilem</span> <span class='ocrx_word' id='word_1_83' title='bbox 1074 2509 1134 2550; x_wconf 86' lang='lat' dir='ltr'>rom</span> <span class='ocrx_word' id='word_1_84' title='bbox 1149 2494 1226 2562; x_wconf 80' lang='lat' dir='ltr'>estis,</span> <span class='ocrx_word' id='word_1_85' title='bbox 1239 2493 1306 2552; x_wconf 87' lang='lat' dir='ltr'>otile</span> <span class='ocrx_word' id='word_1_86' title='bbox 1318 2494 1458 2566; x_wconf 83' lang='lat' dir='ltr'>existimo,</span> <span class='ocrx_word' id='word_1_87' title='bbox 1470 2499 1619 2570; x_wconf 73' lang='lat' dir='ltr'>aggrediar</span> <span class='ocrx_word' id='word_1_88' title='bbox 1633 2516 1703 2574; x_wconf 84' lang='lat' dir='ltr'>opos</span> <span class='ocrx_word' id='word_1_89' title='bbox 1713 2503 1892 2565; x_wconf 82' lang='lat' dir='ltr'>intentatum</span> 
     </span>
     <span class='ocr_line' id='line_1_16' title="bbox 220 2588 1893 2671; baseline 0.017 -42"><span class='ocrx_word' id='word_1_90' title='bbox 220 2615 303 2659; x_wconf 62' lang='lat' dir='ltr'>,m</span> <span class='ocrx_word' id='word_1_91' title='bbox 329 2594 487 2671; x_wconf 54' lang='lat' dir='ltr'>mm</span> <span class='ocrx_word' id='word_1_92' title='bbox 514 2593 625 2655; x_wconf 58' lang='lat' dir='ltr'>pomini</span> <span class='ocrx_word' id='word_1_93' title='bbox 652 2592 814 2666; x_wconf 61' lang='lat' dir='ltr'>emotum,</span> <span class='ocrx_word' id='word_1_94' title='bbox 843 2601 872 2650; x_wconf 89' lang='lat' dir='ltr'>et</span> <span class='ocrx_word' id='word_1_95' title='bbox 898 2598 1023 2652; x_wconf 78' lang='lat' dir='ltr'>secretam</span> <span class='ocrx_word' id='word_1_96' title='bbox 1074 2597 1139 2644; x_wconf 85' lang='lat' dir='ltr'>cntc</span> <span class='ocrx_word' id='word_1_97' title='bbox 1161 2603 1205 2644; x_wconf 88' lang='lat' dir='ltr'>roe</span> <span class='ocrx_word' id='word_1_98' title='bbox 1227 2588 1328 2660; x_wconf 73' lang='lat' dir='ltr'>linque</span> <span class='ocrx_word' id='word_1_99' title='bbox 1348 2599 1450 2650; x_wconf 73' lang='lat' dir='ltr'>nostran</span> <span class='ocrx_word' id='word_1_100' title='bbox 1472 2593 1669 2666; x_wconf 73' lang='lat' dir='ltr'>scriptoribus,</span> <span class='ocrx_word' id='word_1_101' title='bbox 1694 2607 1724 2656; x_wconf 91' lang='lat' dir='ltr'>et</span> <span class='ocrx_word' id='word_1_102' title='bbox 1746 2597 1893 2657; x_wconf 69' lang='lat' dir='ltr'>coracis</span> 
     </span>
     <span class='ocr_line' id='line_1_17' title="bbox 224 2681 1893 2764; baseline -0.002 -11"><span class='ocrx_word' id='word_1_103' title='bbox 224 2693 384 2754; x_wconf 64' lang='lat' dir='ltr'>moecliari</span> <span class='ocrx_word' id='word_1_104' title='bbox 409 2689 507 2752; x_wconf 80' lang='lat' dir='ltr'>nator</span> <span class='ocrx_word' id='word_1_105' title='bbox 528 2687 713 2750; x_wconf 72' lang='lat' dir='ltr'>montotto</span> <span class='ocrx_word' id='word_1_106' title='bbox 735 2687 916 2754; x_wconf 79' lang='lat' dir='ltr'>destitutam,</span> <span class='ocrx_word' id='word_1_107' title='bbox 935 2686 1024 2758; x_wconf 74' lang='lat' dir='ltr'>magio</span> <span class='ocrx_word' id='word_1_108' title='bbox 1074 2697 1184 2754; x_wconf 87' lang='lat' dir='ltr'>qnoque</span> <span class='ocrx_word' id='word_1_109' title='bbox 1215 2681 1284 2754; x_wconf 84' lang='lat' dir='ltr'>ipsis</span> <span class='ocrx_word' id='word_1_110' title='bbox 1312 2682 1359 2748; x_wconf 73' lang='lat' dir='ltr'>lix</span> <span class='ocrx_word' id='word_1_111' title='bbox 1383 2684 1490 2756; x_wconf 56' lang='lat' dir='ltr'>leoco,</span> <span class='ocrx_word' id='word_1_112' title='bbox 1521 2696 1552 2744; x_wconf 87' lang='lat' dir='ltr'>nt</span> <span class='ocrx_word' id='word_1_113' title='bbox 1571 2688 1612 2745; x_wconf 90' lang='lat' dir='ltr'>rei</span> <span class='ocrx_word' id='word_1_114' title='bbox 1626 2689 1754 2760; x_wconf 83' lang='lat' dir='ltr'>poscebat</span> <span class='ocrx_word' id='word_1_115' title='bbox 1792 2691 1893 2764; x_wconf 79' lang='lat' dir='ltr'>digni·</span> 
     </span>
     <span class='ocr_line' id='line_1_18' title="bbox 221 2775 1892 2852; baseline -0.001 -9"><span class='ocrx_word' id='word_1_116' title='bbox 221 2797 297 2844; x_wconf 86' lang='lat' dir='ltr'>onoc</span> <span class='ocrx_word' id='word_1_117' title='bbox 309 2777 571 2851; x_wconf 70' lang='lat' dir='ltr'>uestrumol’aois</span> <span class='ocrx_word' id='word_1_118' title='bbox 586 2786 616 2836; x_wconf 87' lang='lat' dir='ltr'>et</span> <span class='ocrx_word' id='word_1_119' title='bbox 630 2776 820 2844; x_wconf 77' lang='lat' dir='ltr'>Eustochium,</span> <span class='ocrx_word' id='word_1_120' title='bbox 831 2775 958 2847; x_wconf 70' lang='lat' dir='ltr'>flagitare</span> <span class='ocrx_word' id='word_1_121' title='bbox 978 2790 1024 2832; x_wconf 75' lang='lat' dir='ltr'>so.</span> <span class='ocrx_word' id='word_1_122' title='bbox 1077 2783 1147 2844; x_wconf 77' lang='lat' dir='ltr'>tae,</span> <span class='ocrx_word' id='word_1_123' title='bbox 1181 2786 1354 2846; x_wconf 87' lang='lat' dir='ltr'>usurpatum.</span> <span class='ocrx_word' id='word_1_124' title='bbox 1367 2775 1430 2834; x_wconf 81' lang='lat' dir='ltr'>Non</span> <span class='ocrx_word' id='word_1_125' title='bbox 1451 2777 1524 2850; x_wconf 88' lang='lat' dir='ltr'>qnod</span> <span class='ocrx_word' id='word_1_126' title='bbox 1558 2779 1681 2852; x_wconf 79' lang='lat' dir='ltr'>iquorem</span> <span class='ocrx_word' id='word_1_127' title='bbox 1708 2778 1812 2840; x_wconf 77' lang='lat' dir='ltr'>Guium</span> <span class='ocrx_word' id='word_1_128' title='bbox 1828 2785 1892 2842; x_wconf 87' lang='lat' dir='ltr'>lla-</span> 
     </span>
     <span class='ocr_line' id='line_1_19' title="bbox 223 2867 1893 2954; baseline 0.006 -17"><span class='ocrx_word' id='word_1_129' title='bbox 223 2871 515 2947; x_wconf 69' lang='lat' dir='ltr'>rasomonorum</span> <span class='ocrx_word' id='word_1_130' title='bbox 529 2869 710 2930; x_wconf 86' lang='lat' dir='ltr'>interimiieri</span> <span class='ocrx_word' id='word_1_131' title='bbox 725 2885 780 2926; x_wconf 90' lang='lat' dir='ltr'>non</span> <span class='ocrx_word' id='word_1_132' title='bbox 794 2877 896 2941; x_wconf 86' lang='lat' dir='ltr'>potest.</span> <span class='ocrx_word' id='word_1_133' title='bbox 910 2877 1025 2940; x_wconf 88' lang='lat' dir='ltr'>propter</span> <span class='ocrx_word' id='word_1_134' title='bbox 1075 2867 1158 2950; x_wconf 68' lang='grc'>369</span> <span class='ocrx_word' id='word_1_135' title='bbox 1170 2900 1184 2910; x_wconf 92' lang='grc'>-</span> <span class='ocrx_word' id='word_1_136' title='bbox 1197 2870 1283 2954; x_wconf 75' lang='grc'>370</span> <span class='ocrx_word' id='word_1_137' title='bbox 1305 2873 1377 2950; x_wconf 78' lang='lat' dir='ltr'>rium</span> <span class='ocrx_word' id='word_1_138' title='bbox 1397 2870 1579 2942; x_wconf 75' lang='lat' dir='ltr'>victorinum,</span> <span class='ocrx_word' id='word_1_139' title='bbox 1604 2875 1650 2946; x_wconf 86' lang='lat' dir='ltr'>qni</span> <span class='ocrx_word' id='word_1_140' title='bbox 1669 2873 1781 2944; x_wconf 48' lang='lat'>3⁰³¹&amp;</span> <span class='ocrx_word' id='word_1_141' title='bbox 1803 2888 1815 2916; x_wconf 69' lang='lat'><em>²</em></span> <span class='ocrx_word' id='word_1_142' title='bbox 1844 2895 1893 2934; x_wconf 78' lang='lat'>¹¹¹⁰</span> 
     </span>
     <span class='ocr_line' id='line_1_20' title="bbox 223 2962 1887 3046; baseline 0.001 -19"><span class='ocrx_word' id='word_1_143' title='bbox 223 2969 338 3046; x_wconf 68' lang='lat' dir='ltr'>prandia</span> <span class='ocrx_word' id='word_1_144' title='bbox 353 2965 439 3026; x_wconf 76' lang='lat' dir='ltr'>marta</span> <span class='ocrx_word' id='word_1_145' title='bbox 451 2965 480 3024; x_wconf 89' lang='lat' dir='ltr'>io</span> <span class='ocrx_word' id='word_1_146' title='bbox 501 2962 594 3022; x_wconf 80' lang='lat' dir='ltr'>medio</span> <span class='ocrx_word' id='word_1_147' title='bbox 616 2963 704 3036; x_wconf 72' lang='lat' dir='ltr'>spatie</span> <span class='ocrx_word' id='word_1_148' title='bbox 727 2972 811 3034; x_wconf 79' lang='lat' dir='ltr'>etque</span> <span class='ocrx_word' id='word_1_149' title='bbox 824 2971 968 3030; x_wconf 75' lang='lat' dir='ltr'>terrarum,</span> <span class='ocrx_word' id='word_1_150' title='bbox 981 2976 1025 3018; x_wconf 91' lang='lat' dir='ltr'>re·</span> <span class='ocrx_word' id='word_1_151' title='bbox 1076 2977 1173 3033; x_wconf 88' lang='lat' dir='ltr'>puero,</span> <span class='ocrx_word' id='word_1_152' title='bbox 1183 2963 1349 3027; x_wconf 74' lang='lat' dir='ltr'>rhetoricam</span> <span class='ocrx_word' id='word_1_153' title='bbox 1357 2963 1463 3032; x_wconf 74' lang='lat' dir='ltr'>omnio,</span> <span class='ocrx_word' id='word_1_154' title='bbox 1477 2965 1598 3027; x_wconf 73' lang='lat' dir='ltr'>edidisse</span> <span class='ocrx_word' id='word_1_155' title='bbox 1609 2965 1840 3029; x_wconf 71' lang='lat' dir='ltr'>Commentarios</span> <span class='ocrx_word' id='word_1_156' title='bbox 1857 2973 1887 3028; x_wconf 92' lang='lat' dir='ltr'>in</span> 
     </span>
    </p>
   </div>
   <div class='ocr_carea' id='block_1_12' title="bbox 224 3055 1026 3507">
    <p class='ocr_par' dir='ltr' id='par_1_12' title="bbox 224 3055 1026 3507">
     <span class='ocr_line' id='line_1_21' title="bbox 225 3055 1025 3138; baseline -0.013 -16"><span class='ocrx_word' id='word_1_157' title='bbox 225 3073 309 3138; x_wconf 83' lang='lat' dir='ltr'>pente</span> <span class='ocrx_word' id='word_1_158' title='bbox 324 3061 423 3118; x_wconf 78' lang='lat' dir='ltr'>vulnus</span> <span class='ocrx_word' id='word_1_159' title='bbox 434 3061 598 3131; x_wconf 84' lang='lat' dir='ltr'>impressum</span> <span class='ocrx_word' id='word_1_160' title='bbox 624 3055 723 3119; x_wconf 78' lang='lat' dir='ltr'>tatem</span> <span class='ocrx_word' id='word_1_161' title='bbox 747 3055 953 3130; x_wconf 80' lang='lat' dir='ltr'>scripturarum</span> <span class='ocrx_word' id='word_1_162' title='bbox 966 3056 1025 3114; x_wconf 84' lang='lat' dir='ltr'>rel-</span> 
     </span>
     <span class='ocr_line' id='line_1_22' title="bbox 224 3151 1024 3225; baseline -0.008 -9"><span class='ocrx_word' id='word_1_163' title='bbox 224 3159 281 3218; x_wconf 86' lang='lat' dir='ltr'>lem</span> <span class='ocrx_word' id='word_1_164' title='bbox 292 3171 392 3216; x_wconf 79' lang='lat' dir='ltr'>cotors</span> <span class='ocrx_word' id='word_1_165' title='bbox 401 3153 596 3218; x_wconf 75' lang='lat' dir='ltr'>medicamine.</span> <span class='ocrx_word' id='word_1_166' title='bbox 604 3151 668 3214; x_wconf 82' lang='lat' dir='ltr'>Scio</span> <span class='ocrx_word' id='word_1_167' title='bbox 677 3151 805 3225; x_wconf 77' lang='lat' dir='ltr'>equidem</span> <span class='ocrx_word' id='word_1_168' title='bbox 818 3151 1024 3225; x_wconf 83' lang='lat' dir='ltr'>arduremcint,</span> 
     </span>
     <span class='ocr_line' id='line_1_23' title="bbox 226 3245 1024 3323; baseline -0.011 -13"><span class='ocrx_word' id='word_1_169' title='bbox 226 3251 286 3310; x_wconf 81' lang='lat' dir='ltr'>scio</span> <span class='ocrx_word' id='word_1_170' title='bbox 312 3249 408 3318; x_wconf 80' lang='lat' dir='ltr'>tuem,</span> <span class='ocrx_word' id='word_1_171' title='bbox 421 3262 503 3323; x_wconf 83' lang='lat' dir='ltr'>qoam</span> <span class='ocrx_word' id='word_1_172' title='bbox 516 3246 657 3310; x_wconf 72' lang='lat' dir='ltr'>flammam</span> <span class='ocrx_word' id='word_1_173' title='bbox 671 3260 782 3319; x_wconf 76' lang='lat' dir='ltr'>temper</span> <span class='ocrx_word' id='word_1_174' title='bbox 794 3245 894 3304; x_wconf 80' lang='lat' dir='ltr'>babeat</span> <span class='ocrx_word' id='word_1_175' title='bbox 920 3246 950 3309; x_wconf 91' lang='lat' dir='ltr'>in</span> <span class='ocrx_word' id='word_1_176' title='bbox 976 3259 1024 3316; x_wconf 90' lang='lat' dir='ltr'>pe·</span> 
     </span>
     <span class='ocr_line' id='line_1_24' title="bbox 224 3336 1025 3414; baseline -0.015 -10"><span class='ocrx_word' id='word_1_177' title='bbox 224 3355 316 3414; x_wconf 83' lang='lat' dir='ltr'>crore,</span> <span class='ocrx_word' id='word_1_178' title='bbox 331 3355 462 3414; x_wconf 83' lang='lat' dir='ltr'>tupcmrc</span> <span class='ocrx_word' id='word_1_179' title='bbox 474 3355 581 3407; x_wconf 83' lang='lat' dir='ltr'>tetum,</span> <span class='ocrx_word' id='word_1_180' title='bbox 595 3337 722 3398; x_wconf 80' lang='lat' dir='ltr'>oblivisci</span> <span class='ocrx_word' id='word_1_181' title='bbox 736 3337 866 3408; x_wconf 78' lang='lat' dir='ltr'>beminis,</span> <span class='ocrx_word' id='word_1_182' title='bbox 878 3346 907 3398; x_wconf 90' lang='lat' dir='ltr'>et</span> <span class='ocrx_word' id='word_1_183' title='bbox 917 3336 1025 3397; x_wconf 84' lang='lat' dir='ltr'>ditinu-</span> 
     </span>
     <span class='ocr_line' id='line_1_25' title="bbox 224 3429 1026 3507; baseline -0.015 -9"><span class='ocrx_word' id='word_1_184' title='bbox 224 3451 288 3498; x_wconf 85' lang='lat' dir='ltr'>rum</span> <span class='ocrx_word' id='word_1_185' title='bbox 303 3435 473 3493; x_wconf 77' lang='lat' dir='ltr'>voluminum</span> <span class='ocrx_word' id='word_1_186' title='bbox 488 3445 619 3507; x_wconf 75' lang='lat' dir='ltr'>tympano</span> <span class='ocrx_word' id='word_1_187' title='bbox 637 3439 831 3506; x_wconf 68' lang='lat' dir='ltr'>concrepante,</span> <span class='ocrx_word' id='word_1_188' title='bbox 847 3430 960 3487; x_wconf 89' lang='lat' dir='ltr'>rubrum</span> <span class='ocrx_word' id='word_1_189' title='bbox 974 3429 1026 3487; x_wconf 88' lang='lat' dir='ltr'>bo-</span> 
     </span>
    </p>
   </div>
   <div class='ocr_carea' id='block_1_13' title="bbox 1076 3054 1893 3509">
    <p class='ocr_par' dir='ltr' id='par_1_13' title="bbox 1076 3054 1893 3509">
     <span class='ocr_line' id='line_1_26' title="bbox 1078 3054 1893 3132; baseline 0.012 -18"><span class='ocrx_word' id='word_1_190' title='bbox 1078 3054 1893 3132; x_wconf 76' lang='lat' dir='ltr'>Apostolumsedqnodoccupatosttteeruottionesaecnla·</span> 
     </span>
     <span class='ocr_line' id='line_1_27' title="bbox 1077 3148 1892 3228; baseline 0.011 -23"><span class='ocrx_word' id='word_1_191' title='bbox 1077 3148 1147 3205; x_wconf 86' lang='lat' dir='ltr'>rium</span> <span class='ocrx_word' id='word_1_192' title='bbox 1156 3149 1321 3226; x_wconf 80' lang='lat' dir='ltr'>litterarum,</span> <span class='ocrx_word' id='word_1_193' title='bbox 1332 3148 1634 3226; x_wconf 71' lang='lat' dir='ltr'>scripturasomotool</span> <span class='ocrx_word' id='word_1_194' title='bbox 1645 3163 1755 3214; x_wconf 74' lang='lat' dir='ltr'>satietas</span> <span class='ocrx_word' id='word_1_195' title='bbox 1769 3155 1892 3228; x_wconf 54' lang='lat' dir='ltr'>mutoru-</span> 
     </span>
     <span class='ocr_line' id='line_1_28' title="bbox 1076 3242 1892 3318; baseline 0.015 -23"><span class='ocrx_word' id='word_1_196' title='bbox 1076 3242 1163 3304; x_wconf 83' lang='lat' dir='ltr'>uerit:</span> <span class='ocrx_word' id='word_1_197' title='bbox 1177 3251 1204 3306; x_wconf 82' lang='lat' dir='ltr'>ct</span> <span class='ocrx_word' id='word_1_198' title='bbox 1218 3244 1406 3316; x_wconf 59' lang='lat' dir='ltr'>ncmopuseie</span> <span class='ocrx_word' id='word_1_199' title='bbox 1416 3246 1542 3318; x_wconf 73' lang='lat' dir='ltr'>quemvis</span> <span class='ocrx_word' id='word_1_200' title='bbox 1554 3246 1697 3318; x_wconf 84' lang='lat' dir='ltr'>eloquens,</span> <span class='ocrx_word' id='word_1_201' title='bbox 1706 3247 1742 3306; x_wconf 88' lang='lat' dir='ltr'>de</span> <span class='ocrx_word' id='word_1_202' title='bbox 1756 3263 1795 3304; x_wconf 87' lang='lat' dir='ltr'>eo</span> <span class='ocrx_word' id='word_1_203' title='bbox 1812 3250 1892 3306; x_wconf 87' lang='lat' dir='ltr'>benc</span> 
     </span>
     <span class='ocr_line' id='line_1_29' title="bbox 1078 3335 1892 3414; baseline 0.007 -20"><span class='ocrx_word' id='word_1_204' title='bbox 1078 3335 1237 3414; x_wconf 82' lang='lat' dir='ltr'>disputare.</span> <span class='ocrx_word' id='word_1_205' title='bbox 1254 3336 1326 3408; x_wconf 84' lang='lat' dir='ltr'>quoti</span> <span class='ocrx_word' id='word_1_206' title='bbox 1347 3337 1464 3396; x_wconf 82' lang='lat' dir='ltr'>nesciet.</span> <span class='ocrx_word' id='word_1_207' title='bbox 1487 3338 1587 3410; x_wconf 76' lang='lat' dir='ltr'>Qnid⁰</span> <span class='ocrx_word' id='word_1_208' title='bbox 1605 3340 1697 3412; x_wconf 70' lang='lat' dir='ltr'>igion,</span> <span class='ocrx_word' id='word_1_209' title='bbox 1711 3355 1765 3412; x_wconf 77' lang='lat' dir='ltr'>eqo</span> <span class='ocrx_word' id='word_1_210' title='bbox 1781 3342 1892 3400; x_wconf 88' lang='lat' dir='ltr'>stultus</span> 
     </span>
     <span class='ocr_line' id='line_1_30' title="bbox 1078 3429 1889 3509; baseline 0.01 -24"><span class='ocrx_word' id='word_1_211' title='bbox 1078 3439 1124 3487; x_wconf 85' lang='lat' dir='ltr'>ont</span> <span class='ocrx_word' id='word_1_212' title='bbox 1139 3429 1322 3499; x_wconf 85' lang='lat' dir='ltr'>temerarius,</span> <span class='ocrx_word' id='word_1_213' title='bbox 1337 3431 1423 3503; x_wconf 88' lang='lat' dir='ltr'>quiid</span> <span class='ocrx_word' id='word_1_214' title='bbox 1447 3432 1581 3502; x_wconf 80' lang='lat' dir='ltr'>pollicear</span> <span class='ocrx_word' id='word_1_215' title='bbox 1601 3435 1673 3504; x_wconf 90' lang='lat' dir='ltr'>qnod</span> <span class='ocrx_word' id='word_1_216' title='bbox 1697 3435 1743 3491; x_wconf 85' lang='lat' dir='ltr'>ilie</span> <span class='ocrx_word' id='word_1_217' title='bbox 1756 3451 1817 3492; x_wconf 92' lang='lat' dir='ltr'>ooo</span> <span class='ocrx_word' id='word_1_218' title='bbox 1836 3453 1889 3509; x_wconf 84' lang='lat' dir='ltr'>pu·</span> 
     </span>
    </p>
   </div>
   <div class='ocr_carea' id='block_1_14' title="bbox 223 3523 1890 3972">
    <p class='ocr_par' dir='ltr' id='par_1_14' title="bbox 223 3523 1890 3972">
     <span class='ocr_line' id='line_1_31' title="bbox 223 3523 1885 3606; baseline -0.004 -16"><span class='ocrx_word' id='word_1_219' title='bbox 223 3533 271 3606; x_wconf 81' lang='lat' dir='ltr'>lot</span> <span class='ocrx_word' id='word_1_220' title='bbox 291 3527 385 3589; x_wconf 77' lang='lat' dir='ltr'>occuli</span> <span class='ocrx_word' id='word_1_221' title='bbox 409 3527 525 3600; x_wconf 81' lang='lat' dir='ltr'>peisqm</span> <span class='ocrx_word' id='word_1_222' title='bbox 544 3525 733 3586; x_wconf 70' lang='lat' dir='ltr'>banoretare.</span> <span class='ocrx_word' id='word_1_223' title='bbox 747 3523 830 3584; x_wconf 86' lang='lat' dir='ltr'>Certe</span> <span class='ocrx_word' id='word_1_224' title='bbox 850 3539 914 3583; x_wconf 92' lang='lat' dir='ltr'>cum</span> <span class='ocrx_word' id='word_1_225' title='bbox 928 3523 1025 3593; x_wconf 75' lang='lat' dir='ltr'>Romu</span> <span class='ocrx_word' id='word_1_226' title='bbox 1039 3526 1063 3586; x_wconf 82' lang='lat' dir='ltr'>li</span> <span class='ocrx_word' id='word_1_227' title='bbox 1076 3525 1146 3585; x_wconf 84' lang='lat' dir='ltr'>tuiti</span> <span class='ocrx_word' id='word_1_228' title='bbox 1161 3524 1283 3592; x_wconf 82' lang='lat' dir='ltr'>ltiniroe·</span> <span class='ocrx_word' id='word_1_229' title='bbox 1297 3524 1370 3594; x_wconf 81' lang='lat' dir='ltr'>Quin</span> <span class='ocrx_word' id='word_1_230' title='bbox 1389 3524 1480 3596; x_wconf 82' lang='lat' dir='ltr'>potito</span> <span class='ocrx_word' id='word_1_231' title='bbox 1496 3525 1507 3565; x_wconf 62' lang='grc' dir='ltr'>ί</span> <span class='ocrx_word' id='word_1_232' title='bbox 1522 3527 1551 3583; x_wconf 92' lang='lat' dir='ltr'>in</span> <span class='ocrx_word' id='word_1_233' title='bbox 1566 3543 1611 3596; x_wconf 82' lang='lat' dir='ltr'>eo,</span> <span class='ocrx_word' id='word_1_234' title='bbox 1633 3535 1662 3586; x_wconf 91' lang='lat' dir='ltr'>nt</span> <span class='ocrx_word' id='word_1_235' title='bbox 1675 3527 1743 3584; x_wconf 89' lang='lat' dir='ltr'>mibi</span> <span class='ocrx_word' id='word_1_236' title='bbox 1764 3529 1885 3597; x_wconf 75' lang='lat' dir='ltr'>uideor,</span> 
     </span>
     <span class='ocr_line' id='line_1_32' title="bbox 225 3616 1886 3694; baseline -0.001 -10"><span class='ocrx_word' id='word_1_237' title='bbox 225 3639 328 3694; x_wconf 80' lang='lat' dir='ltr'>estem,</span> <span class='ocrx_word' id='word_1_238' title='bbox 343 3637 490 3694; x_wconf 84' lang='lat' dir='ltr'>numquam</span> <span class='ocrx_word' id='word_1_239' title='bbox 514 3629 569 3678; x_wconf 79' lang='lat' dir='ltr'>tero</span> <span class='ocrx_word' id='word_1_240' title='bbox 590 3617 690 3676; x_wconf 83' lang='lat' dir='ltr'>teatina</span> <span class='ocrx_word' id='word_1_241' title='bbox 713 3633 760 3676; x_wconf 90' lang='lat' dir='ltr'>me</span> <span class='ocrx_word' id='word_1_242' title='bbox 785 3616 864 3685; x_wconf 79' lang='lat' dir='ltr'>vidit,</span> <span class='ocrx_word' id='word_1_243' title='bbox 878 3625 974 3674; x_wconf 90' lang='lat' dir='ltr'>utnon</span> <span class='ocrx_word' id='word_1_244' title='bbox 989 3617 1025 3674; x_wconf 84' lang='lat' dir='ltr'>tle</span> <span class='ocrx_word' id='word_1_245' title='bbox 1076 3619 1181 3677; x_wconf 82' lang='lat' dir='ltr'>cuutior</span> <span class='ocrx_word' id='word_1_246' title='bbox 1195 3618 1423 3690; x_wconf 80' lang='lat' dir='ltr'>aequetimioior.</span> <span class='ocrx_word' id='word_1_247' title='bbox 1444 3621 1518 3692; x_wconf 83' lang='lat' dir='ltr'>qnod</span> <span class='ocrx_word' id='word_1_248' title='bbox 1538 3622 1753 3680; x_wconf 77' lang='lat' dir='ltr'>imbecillitatem</span> <span class='ocrx_word' id='word_1_249' title='bbox 1775 3625 1886 3683; x_wconf 87' lang='lat' dir='ltr'>uirium</span> 
     </span>
     <span class='ocr_line' id='line_1_33' title="bbox 227 3710 1882 3794; baseline -0.002 -14"><span class='ocrx_word' id='word_1_250' title='bbox 227 3717 377 3792; x_wconf 80' lang='lat' dir='ltr'>Scriptorla</span> <span class='ocrx_word' id='word_1_251' title='bbox 397 3713 499 3789; x_wconf 79' lang='lat' dir='ltr'>aliquid</span> <span class='ocrx_word' id='word_1_252' title='bbox 527 3714 717 3793; x_wconf 68' lang='lat' dir='ltr'>interrogaret.</span> <span class='ocrx_word' id='word_1_253' title='bbox 738 3710 831 3786; x_wconf 79' lang='lat' dir='ltr'>Neque</span> <span class='ocrx_word' id='word_1_254' title='bbox 853 3725 920 3767; x_wconf 83' lang='lat' dir='ltr'>nero</span> <span class='ocrx_word' id='word_1_255' title='bbox 949 3725 1026 3770; x_wconf 90' lang='lat' dir='ltr'>more</span> <span class='ocrx_word' id='word_1_256' title='bbox 1077 3728 1199 3794; x_wconf 86' lang='lat' dir='ltr'>mearum</span> <span class='ocrx_word' id='word_1_257' title='bbox 1220 3711 1360 3782; x_wconf 84' lang='lat' dir='ltr'>sentiens,</span> <span class='ocrx_word' id='word_1_258' title='bbox 1375 3713 1502 3785; x_wconf 69' lang='lat' dir='ltr'>origenis</span> <span class='ocrx_word' id='word_1_259' title='bbox 1514 3713 1734 3794; x_wconf 83' lang='lat' dir='ltr'>Commctttarius</span> <span class='ocrx_word' id='word_1_260' title='bbox 1750 3732 1816 3774; x_wconf 91' lang='lat' dir='ltr'>snm</span> <span class='ocrx_word' id='word_1_261' title='bbox 1833 3733 1882 3776; x_wconf 88' lang='lat' dir='ltr'>se·</span> 
     </span>
     <span class='ocr_line' id='line_1_34' title="bbox 225 3803 1889 3885; baseline 0 -21"><span class='ocrx_word' id='word_1_262' title='bbox 225 3809 410 3885; x_wconf 73' lang='lat' dir='ltr'>Pythagorico</span> <span class='ocrx_word' id='word_1_263' title='bbox 427 3805 559 3884; x_wconf 83' lang='lat' dir='ltr'>quidquid</span> <span class='ocrx_word' id='word_1_264' title='bbox 583 3803 789 3878; x_wconf 78' lang='lat' dir='ltr'>responderam,</span> <span class='ocrx_word' id='word_1_265' title='bbox 817 3813 922 3862; x_wconf 89' lang='lat' dir='ltr'>rectum</span> <span class='ocrx_word' id='word_1_266' title='bbox 945 3812 1025 3876; x_wconf 85' lang='lat' dir='ltr'>puta·</span> <span class='ocrx_word' id='word_1_267' title='bbox 1077 3815 1166 3870; x_wconf 86' lang='lat' dir='ltr'>cutus.</span> <span class='ocrx_word' id='word_1_268' title='bbox 1187 3804 1302 3876; x_wconf 82' lang='lat' dir='ltr'>Scripsit</span> <span class='ocrx_word' id='word_1_269' title='bbox 1316 3805 1390 3872; x_wconf 89' lang='lat' dir='ltr'>enim</span> <span class='ocrx_word' id='word_1_270' title='bbox 1404 3803 1452 3863; x_wconf 81' lang='lat' dir='ltr'>illo</span> <span class='ocrx_word' id='word_1_271' title='bbox 1476 3806 1520 3876; x_wconf 71' lang='lat' dir='ltr'>nir</span> <span class='ocrx_word' id='word_1_272' title='bbox 1539 3807 1566 3864; x_wconf 89' lang='lat' dir='ltr'>in</span> <span class='ocrx_word' id='word_1_273' title='bbox 1584 3807 1728 3880; x_wconf 80' lang='lat' dir='ltr'>epistolant</span> <span class='ocrx_word' id='word_1_274' title='bbox 1746 3806 1833 3865; x_wconf 84' lang='lat' dir='ltr'>Pauli</span> <span class='ocrx_word' id='word_1_275' title='bbox 1851 3811 1889 3866; x_wconf 85' lang='lat' dir='ltr'>ad</span> 
     </span>
     <span class='ocr_line' id='line_1_35' title="bbox 224 3897 1890 3972; baseline -0.002 -9"><span class='ocrx_word' id='word_1_276' title='bbox 224 3903 274 3963; x_wconf 82' lang='lat' dir='ltr'>bet</span> <span class='ocrx_word' id='word_1_277' title='bbox 290 3921 297 3962; x_wconf 90' lang='lat'>:</span> <span class='ocrx_word' id='word_1_278' title='bbox 314 3917 365 3960; x_wconf 92' lang='lat' dir='ltr'>nce</span> <span class='ocrx_word' id='word_1_279' title='bbox 378 3901 437 3958; x_wconf 81' lang='lat' dir='ltr'>aine</span> <span class='ocrx_word' id='word_1_280' title='bbox 451 3897 744 3972; x_wconf 80' lang='lat' dir='ltr'>tationepraeiuoicatu</span> <span class='ocrx_word' id='word_1_281' title='bbox 757 3897 903 3970; x_wconf 69' lang='lat' dir='ltr'>aputeum</span> <span class='ocrx_word' id='word_1_282' title='bbox 915 3898 1027 3956; x_wconf 83' lang='lat' dir='ltr'>ualebat</span> <span class='ocrx_word' id='word_1_283' title='bbox 1078 3899 1187 3963; x_wconf 80' lang='lat' dir='ltr'>Galatas</span> <span class='ocrx_word' id='word_1_284' title='bbox 1206 3898 1354 3970; x_wconf 79' lang='lat' dir='ltr'>quinques</span> <span class='ocrx_word' id='word_1_285' title='bbox 1375 3899 1486 3971; x_wconf 88' lang='lat' dir='ltr'>proprie</span> <span class='ocrx_word' id='word_1_286' title='bbox 1506 3901 1660 3970; x_wconf 75' lang='lat' dir='ltr'>solonius,</span> <span class='ocrx_word' id='word_1_287' title='bbox 1687 3908 1718 3958; x_wconf 88' lang='lat' dir='ltr'>ct</span> <span class='ocrx_word' id='word_1_288' title='bbox 1739 3899 1890 3964; x_wconf 78' lang='lat' dir='ltr'>decimum</span> 
     </span>
    </p>
   </div>
   <div class='ocr_carea' id='block_1_15' title="bbox 225 4105 1891 4468">
    <p class='ocr_par' dir='ltr' id='par_1_15' title="bbox 225 4105 1891 4468">
     <span class='ocr_line' id='line_1_36' title="bbox 225 4105 1889 4181; baseline -0.004 -12"><span class='ocrx_word' id='word_1_289' title='bbox 225 4119 236 4166; x_wconf 80' lang='lat'>¹.</span> <span class='ocrx_word' id='word_1_290' title='bbox 263 4111 418 4169; x_wconf 68' lang='lat' dir='ltr'>“lloaccin</span> <span class='ocrx_word' id='word_1_291' title='bbox 441 4109 588 4181; x_wconf 83' lang='lat' dir='ltr'>epistolam</span> <span class='ocrx_word' id='word_1_292' title='bbox 607 4105 641 4164; x_wconf 85' lang='lat' dir='ltr'>oti</span> <span class='ocrx_word' id='word_1_293' title='bbox 656 4107 766 4165; x_wconf 77' lang='lat' dir='ltr'>Galatas</span> <span class='ocrx_word' id='word_1_294' title='bbox 788 4105 1023 4177; x_wconf 79' lang='lat' dir='ltr'>Commentarios,</span> <span class='ocrx_word' id='word_1_295' title='bbox 1079 4128 1169 4180; x_wconf 84' lang='lat' dir='ltr'>puero,</span> <span class='ocrx_word' id='word_1_296' title='bbox 1183 4123 1236 4170; x_wconf 90' lang='lat' dir='ltr'>clc.</span> <span class='ocrx_word' id='word_1_297' title='bbox 1254 4111 1354 4169; x_wconf 85' lang='lat' dir='ltr'>l&#39;etam</span> <span class='ocrx_word' id='word_1_298' title='bbox 1370 4109 1517 4170; x_wconf 85' lang='lat' dir='ltr'>lectionem</span> <span class='ocrx_word' id='word_1_299' title='bbox 1531 4123 1582 4164; x_wconf 88' lang='lat' dir='ltr'>nus</span> <span class='ocrx_word' id='word_1_300' title='bbox 1607 4108 1796 4174; x_wconf 78' lang='lat' dir='ltr'>restituimus,</span> <span class='ocrx_word' id='word_1_301' title='bbox 1815 4125 1889 4180; x_wconf 79' lang='lat' dir='ltr'>snp-</span> 
     </span>
     <span class='ocr_line' id='line_1_37' title="bbox 225 4177 1889 4256; baseline -0.003 -16"><span class='ocrx_word' id='word_1_302' title='bbox 225 4193 257 4242; x_wconf 88' lang='lat' dir='ltr'>ot</span> <span class='ocrx_word' id='word_1_303' title='bbox 271 4190 299 4240; x_wconf 85' lang='lat' dir='ltr'>et</span> <span class='ocrx_word' id='word_1_304' title='bbox 322 4190 521 4250; x_wconf 82' lang='lat' dir='ltr'>consequentes</span> <span class='ocrx_word' id='word_1_305' title='bbox 545 4181 572 4236; x_wconf 91' lang='lat' dir='ltr'>io</span> <span class='ocrx_word' id='word_1_306' title='bbox 598 4180 716 4250; x_wconf 80' lang='lat' dir='ltr'>reliquas</span> <span class='ocrx_word' id='word_1_307' title='bbox 739 4188 794 4237; x_wconf 83' lang='lat' dir='ltr'>tres</span> <span class='ocrx_word' id='word_1_308' title='bbox 817 4179 852 4234; x_wconf 81' lang='lat' dir='ltr'>ati</span> <span class='ocrx_word' id='word_1_309' title='bbox 878 4179 1022 4252; x_wconf 75' lang='lat' dir='ltr'>Ephesios,</span> <span class='ocrx_word' id='word_1_310' title='bbox 1078 4185 1165 4256; x_wconf 85' lang='lat' dir='ltr'>petias</span> <span class='ocrx_word' id='word_1_311' title='bbox 1179 4183 1286 4240; x_wconf 82' lang='lat' dir='ltr'>terente</span> <span class='ocrx_word' id='word_1_312' title='bbox 1301 4198 1356 4238; x_wconf 81' lang='lat' dir='ltr'>utro</span> <span class='ocrx_word' id='word_1_313' title='bbox 1378 4179 1556 4237; x_wconf 66' lang='lat' dir='ltr'>cisterciensi</span> <span class='ocrx_word' id='word_1_314' title='bbox 1580 4195 1631 4234; x_wconf 82' lang='lat' dir='ltr'>ons.</span> <span class='ocrx_word' id='word_1_315' title='bbox 1647 4177 1792 4244; x_wconf 87' lang='lat' dir='ltr'>alteroque</span> <span class='ocrx_word' id='word_1_316' title='bbox 1814 4183 1889 4237; x_wconf 84' lang='lat' dir='ltr'>Clo-</span> 
     </span>
     <span class='ocr_line' id='line_1_38' title="bbox 226 4250 1890 4323; baseline -0.001 -11"><span class='ocrx_word' id='word_1_317' title='bbox 226 4255 329 4321; x_wconf 85' lang='lat' dir='ltr'>Titnm,</span> <span class='ocrx_word' id='word_1_318' title='bbox 358 4269 390 4310; x_wconf 85' lang='lat' dir='ltr'>ac</span> <span class='ocrx_word' id='word_1_319' title='bbox 412 4251 601 4310; x_wconf 76' lang='lat' dir='ltr'>Philemonem</span> <span class='ocrx_word' id='word_1_320' title='bbox 628 4251 770 4321; x_wconf 72' lang='lat' dir='ltr'>exegimus</span> <span class='ocrx_word' id='word_1_321' title='bbox 798 4252 831 4307; x_wconf 86' lang='lat' dir='ltr'>ud</span> <span class='ocrx_word' id='word_1_322' title='bbox 857 4251 939 4307; x_wconf 86' lang='lat' dir='ltr'>trium</span> <span class='ocrx_word' id='word_1_323' title='bbox 954 4267 1022 4308; x_wconf 88' lang='lat' dir='ltr'>mss.</span> <span class='ocrx_word' id='word_1_324' title='bbox 1079 4257 1210 4323; x_wconf 78' lang='lat' dir='ltr'>olorensi,</span> <span class='ocrx_word' id='word_1_325' title='bbox 1227 4250 1890 4322; x_wconf 77' lang='lat' dir='ltr'>quemlrtoooenotslpselaudntetnorbenc-</span> 
     </span>
     <span class='ocr_line' id='line_1_39' title="bbox 226 4320 1891 4399; baseline -0.001 -17"><span class='ocrx_word' id='word_1_326' title='bbox 226 4325 423 4396; x_wconf 79' lang='lat' dir='ltr'>exemplarium</span> <span class='ocrx_word' id='word_1_327' title='bbox 448 4323 545 4393; x_wconf 86' lang='lat' dir='ltr'>iidem,</span> <span class='ocrx_word' id='word_1_328' title='bbox 560 4338 643 4378; x_wconf 90' lang='lat' dir='ltr'>onum</span> <span class='ocrx_word' id='word_1_329' title='bbox 659 4321 811 4378; x_wconf 77' lang='lat' dir='ltr'>Palatinum</span> <span class='ocrx_word' id='word_1_330' title='bbox 825 4337 940 4378; x_wconf 89' lang='lat' dir='ltr'>numero</span> <span class='ocrx_word' id='word_1_331' title='bbox 954 4339 1025 4394; x_wconf 81' lang='lat' dir='ltr'>prae-</span> <span class='ocrx_word' id='word_1_332' title='bbox 1077 4326 1207 4383; x_wconf 77' lang='lat' dir='ltr'>dictione.</span> <span class='ocrx_word' id='word_1_333' title='bbox 1228 4325 1329 4394; x_wconf 84' lang='lat' dir='ltr'>Neque·</span> <span class='ocrx_word' id='word_1_334' title='bbox 1342 4340 1410 4380; x_wconf 86' lang='lat' dir='ltr'>tero</span> <span class='ocrx_word' id='word_1_335' title='bbox 1428 4325 1596 4380; x_wconf 88' lang='lat' dir='ltr'>l&#39;icturinom</span> <span class='ocrx_word' id='word_1_336' title='bbox 1616 4320 1720 4377; x_wconf 80' lang='lat' dir='ltr'>anolvit</span> <span class='ocrx_word' id='word_1_337' title='bbox 1742 4321 1891 4399; x_wconf 80' lang='lat' dir='ltr'>Hierony-</span> 
     </span>
     <span class='ocr_line' id='line_1_40' title="bbox 228 4393 1888 4468; baseline -0.003 -14"><span class='ocrx_word' id='word_1_338' title='bbox 228 4406 352 4454; x_wconf 88' lang='lat' dir='ltr'>ootatum</span> <span class='ocrx_word' id='word_1_339' title='bbox 377 4395 431 4452; x_wconf 75' lang='lat' dir='ltr'>olo</span> <span class='ocrx_word' id='word_1_340' title='bbox 455 4394 548 4466; x_wconf 78' lang='lat' dir='ltr'>probro</span> <span class='ocrx_word' id='word_1_341' title='bbox 563 4394 732 4464; x_wconf 74' lang='lat' dir='ltr'>antiquitatis</span> <span class='ocrx_word' id='word_1_342' title='bbox 754 4403 783 4450; x_wconf 86' lang='lat' dir='ltr'>et</span> <span class='ocrx_word' id='word_1_343' title='bbox 807 4406 878 4450; x_wconf 67' lang='lat' dir='ltr'>notro</span> <span class='ocrx_word' id='word_1_344' title='bbox 894 4395 1025 4466; x_wconf 83' lang='lat' dir='ltr'>:duoque</span> <span class='ocrx_word' id='word_1_345' title='bbox 1080 4413 1161 4464; x_wconf 89' lang='lat' dir='ltr'>mus,</span> <span class='ocrx_word' id='word_1_346' title='bbox 1184 4413 1273 4468; x_wconf 85' lang='lat' dir='ltr'>oeque</span> <span class='ocrx_word' id='word_1_347' title='bbox 1288 4395 1406 4453; x_wconf 76' lang='lat' dir='ltr'>lttrtnese</span> <span class='ocrx_word' id='word_1_348' title='bbox 1427 4411 1478 4466; x_wconf 82' lang='lat' dir='ltr'>per</span> <span class='ocrx_word' id='word_1_349' title='bbox 1491 4393 1645 4449; x_wconf 79' lang='lat' dir='ltr'>tntamoem</span> <span class='ocrx_word' id='word_1_350' title='bbox 1661 4393 1749 4448; x_wconf 82' lang='lat' dir='ltr'>udbne</span> <span class='ocrx_word' id='word_1_351' title='bbox 1764 4405 1888 4452; x_wconf 85' lang='lat' dir='ltr'>aetatem</span> 
     </span>
    </p>
   </div>
   <div class='ocr_carea' id='block_1_16' title="bbox 226 4465 1023 4608">
    <p class='ocr_par' dir='ltr' id='par_1_16' title="bbox 226 4465 1023 4608">
     <span class='ocr_line' id='line_1_41' title="bbox 227 4465 1021 4538; baseline -0.005 -14"><span class='ocrx_word' id='word_1_352' title='bbox 227 4470 280 4525; x_wconf 83' lang='lat' dir='ltr'>alio</span> <span class='ocrx_word' id='word_1_353' title='bbox 304 4465 539 4534; x_wconf 77' lang='lat' dir='ltr'>cirterciensium,</span> <span class='ocrx_word' id='word_1_354' title='bbox 564 4481 625 4538; x_wconf 77' lang='lat' dir='ltr'>qne</span> <span class='ocrx_word' id='word_1_355' title='bbox 649 4465 744 4522; x_wconf 74' lang='lat' dir='ltr'>nonne</span> <span class='ocrx_word' id='word_1_356' title='bbox 765 4474 818 4537; x_wconf 86' lang='lat' dir='ltr'>est,</span> <span class='ocrx_word' id='word_1_357' title='bbox 836 4465 1021 4534; x_wconf 77' lang='lat' dir='ltr'>bibliotbccm,</span> 
     </span>
     <span class='ocr_line' id='line_1_42' title="bbox 226 4537 1023 4608; baseline -0.003 -13"><span class='ocrx_word' id='word_1_358' title='bbox 226 4540 292 4595; x_wconf 93' lang='lat' dir='ltr'>olim</span> <span class='ocrx_word' id='word_1_359' title='bbox 308 4537 491 4596; x_wconf 85' lang='lat' dir='ltr'>Nonnntuionl</span> <span class='ocrx_word' id='word_1_360' title='bbox 517 4538 686 4606; x_wconf 84' lang='lat' dir='ltr'>monasterii,</span> <span class='ocrx_word' id='word_1_361' title='bbox 703 4551 818 4608; x_wconf 90' lang='lat' dir='ltr'>querunt</span> <span class='ocrx_word' id='word_1_362' title='bbox 832 4537 946 4593; x_wconf 89' lang='lat' dir='ltr'>alterum</span> <span class='ocrx_word' id='word_1_363' title='bbox 971 4537 1023 4594; x_wconf 89' lang='lat' dir='ltr'>sub</span> 
     </span>
    </p>
   </div>
   <div class='ocr_carea' id='block_1_17' title="bbox 226 4605 1039 4676">
    <p class='ocr_par' dir='ltr' id='par_1_17' title="bbox 226 4605 1039 4676">
     <span class='ocr_line' id='line_1_43' title="bbox 226 4605 1039 4676; baseline -0.009 -7"><span class='ocrx_word' id='word_1_364' title='bbox 226 4625 341 4669; x_wconf 85' lang='lat' dir='ltr'>nurnero</span> <span class='ocrx_word' id='word_1_365' title='bbox 352 4616 480 4666; x_wconf 84' lang='lat' dir='ltr'>contuetur</span> <span class='ocrx_word' id='word_1_366' title='bbox 494 4608 538 4676; x_wconf 85' lang='lat' dir='ltr'>bi,</span> <span class='ocrx_word' id='word_1_367' title='bbox 552 4607 669 4664; x_wconf 89' lang='lat' dir='ltr'>alterum</span> <span class='ocrx_word' id='word_1_368' title='bbox 684 4623 797 4664; x_wconf 89' lang='lat' dir='ltr'>numero</span> <span class='ocrx_word' id='word_1_369' title='bbox 808 4619 884 4664; x_wconf 88' lang='lat' dir='ltr'>caret</span> <span class='ocrx_word' id='word_1_370' title='bbox 896 4625 902 4661; x_wconf 94' lang='lat'>:</span> <span class='ocrx_word' id='word_1_371' title='bbox 916 4605 1039 4664; x_wconf 83' lang='lat' dir='ltr'>utruro·‘</span> 
     </span>
    </p>
   </div>
   <div class='ocr_carea' id='block_1_18' title="bbox 1076 4462 1891 4610">
    <p class='ocr_par' dir='ltr' id='par_1_18' title="bbox 1076 4462 1891 4610">
     <span class='ocr_line' id='line_1_44' title="bbox 1080 4462 1891 4540; baseline -0.009 -16"><span class='ocrx_word' id='word_1_372' title='bbox 1080 4471 1177 4540; x_wconf 88' lang='lat' dir='ltr'>potuit.</span> <span class='ocrx_word' id='word_1_373' title='bbox 1204 4469 1371 4538; x_wconf 82' lang='lat' dir='ltr'>llujtrsipse</span> <span class='ocrx_word' id='word_1_374' title='bbox 1394 4469 1433 4523; x_wconf 90' lang='lat' dir='ltr'>rei</span> <span class='ocrx_word' id='word_1_375' title='bbox 1458 4465 1606 4536; x_wconf 75' lang='lat' dir='ltr'>fideiussor</span> <span class='ocrx_word' id='word_1_376' title='bbox 1629 4466 1656 4518; x_wconf 90' lang='lat' dir='ltr'>io</span> <span class='ocrx_word' id='word_1_377' title='bbox 1678 4462 1820 4519; x_wconf 84' lang='lat' dir='ltr'>Cltrnoico</span> <span class='ocrx_word' id='word_1_378' title='bbox 1843 4478 1891 4524; x_wconf 75' lang='lat' dir='ltr'>est</span> 
     </span>
     <span class='ocr_line' id='line_1_45' title="bbox 1076 4534 1888 4610; baseline -0.002 -16"><span class='ocrx_word' id='word_1_379' title='bbox 1076 4541 1110 4597; x_wconf 81' lang='lat' dir='ltr'>ad</span> <span class='ocrx_word' id='word_1_380' title='bbox 1125 4556 1224 4597; x_wconf 80' lang='lat' dir='ltr'>unorum</span> <span class='ocrx_word' id='word_1_381' title='bbox 1240 4541 1310 4610; x_wconf 78' lang='lat'>558,</span> <span class='ocrx_word' id='word_1_382' title='bbox 1332 4540 1376 4596; x_wconf 88' lang='lat' dir='ltr'>ubi</span> <span class='ocrx_word' id='word_1_383' title='bbox 1392 4543 1448 4594; x_wconf 86' lang='lat' dir='ltr'>nit:</span> <span class='ocrx_word' id='word_1_384' title='bbox 1471 4535 1619 4591; x_wconf 75' lang='lat' dir='ltr'>Victorinus</span> <span class='ocrx_word' id='word_1_385' title='bbox 1631 4534 1734 4604; x_wconf 77' lang='lat' dir='ltr'>rhetor,</span> <span class='ocrx_word' id='word_1_386' title='bbox 1748 4545 1773 4590; x_wconf 85' lang='lat' dir='ltr'>et</span> <span class='ocrx_word' id='word_1_387' title='bbox 1785 4535 1888 4592; x_wconf 84' lang='lat' dir='ltr'>Dono-</span> 
     </span>
    </p>
   </div>
   <div class='ocr_carea' id='block_1_19' title="bbox 1075 4609 1889 4690">
    <p class='ocr_par' dir='ltr' id='par_1_19' title="bbox 1075 4609 1889 4690">
     <span class='ocr_line' id='line_1_46' title="bbox 1075 4609 1889 4690; baseline -0.001 -24"><span class='ocrx_word' id='word_1_388' title='bbox 1075 4622 1117 4668; x_wconf 84' lang='lat' dir='ltr'>tua</span> <span class='ocrx_word' id='word_1_389' title='bbox 1137 4613 1321 4688; x_wconf 81' lang='lat' dir='ltr'>prootmoticoc</span> <span class='ocrx_word' id='word_1_390' title='bbox 1348 4619 1492 4684; x_wconf 74' lang='lat' dir='ltr'>preceptor</span> <span class='ocrx_word' id='word_1_391' title='bbox 1520 4624 1600 4690; x_wconf 28' lang='lat' dir='ltr'>meus.</span> <span class='ocrx_word' id='word_1_392' title='bbox 1614 4609 1679 4678; x_wconf 81' lang='lat' dir='ltr'>(nott</span> <span class='ocrx_word' id='word_1_393' title='bbox 1703 4622 1889 4679; x_wconf 76' lang='lat' dir='ltr'>preceptores</span> 
     </span>
    </p>
   </div>
   <div class='ocr_carea' id='block_1_20' title="bbox 225 4678 1886 4810">
    <p class='ocr_par' dir='ltr' id='par_1_20' title="bbox 225 4678 1886 4810">
     <span class='ocr_line' id='line_1_47' title="bbox 225 4678 1886 4810; baseline -0.001 -72"><span class='ocrx_word' id='word_1_394' title='bbox 225 4697 279 4810; x_wconf 46' lang='lat' dir='ltr'>:pne</span> <span class='ocrx_word' id='word_1_395' title='bbox 292 4691 382 4736; x_wconf 88' lang='lat' dir='ltr'>notem</span> <span class='ocrx_word' id='word_1_396' title='bbox 399 4678 590 4738; x_wconf 76' lang='lat' dir='ltr'>emendatione</span> <span class='ocrx_word' id='word_1_397' title='bbox 604 4694 637 4735; x_wconf 90' lang='lat' dir='ltr'>ac</span> <span class='ocrx_word' id='word_1_398' title='bbox 655 4688 790 4736; x_wconf 84' lang='lat' dir='ltr'>vetustate</span> <span class='ocrx_word' id='word_1_399' title='bbox 811 4689 954 4750; x_wconf 82' lang='lat' dir='ltr'>praestans.</span> <span class='ocrx_word' id='word_1_400' title='bbox 967 4679 1024 4738; x_wconf 84' lang='lat' dir='ltr'>Nec</span> <span class='ocrx_word' id='word_1_401' title='bbox 1076 4685 1141 4748; x_wconf 84' lang='lat' dir='ltr'>orei.</span> <span class='ocrx_word' id='word_1_402' title='bbox 1169 4684 1288 4755; x_wconf 89' lang='lat' dir='ltr'>plurium</span> <span class='ocrx_word' id='word_1_403' title='bbox 1318 4681 1448 4752; x_wconf 87' lang='lat' dir='ltr'>nurnero)</span> <span class='ocrx_word' id='word_1_404' title='bbox 1475 4679 1567 4736; x_wconf 82' lang='lat' dir='ltr'>Rome</span> <span class='ocrx_word' id='word_1_405' title='bbox 1590 4679 1706 4805; x_wconf 50' lang='lat' dir='ltr'>corifum</span> <span class='ocrx_word' id='word_1_406' title='bbox 1733 4679 1886 4737; x_wconf 77' lang='lat' dir='ltr'>bebetetur.</span> 
     </span>
    </p>
   </div>
   <div class='ocr_carea' id='block_1_21' title="bbox 251 4749 1642 4824">
    <p class='ocr_par' dir='ltr' id='par_1_21' title="bbox 251 4749 1642 4824">
     <span class='ocr_line' id='line_1_48' title="bbox 251 4749 1642 4824; baseline -0.003 -16"><span class='ocrx_word' id='word_1_407' title='bbox 251 4751 398 4822; x_wconf 83' lang='lat' dir='ltr'>obbertum,</span> <span class='ocrx_word' id='word_1_408' title='bbox 414 4751 460 4822; x_wconf 91' lang='lat' dir='ltr'>qui</span> <span class='ocrx_word' id='word_1_409' title='bbox 487 4749 598 4806; x_wconf 89' lang='lat' dir='ltr'>totidem</span> <span class='ocrx_word' id='word_1_410' title='bbox 615 4749 650 4806; x_wconf 86' lang='lat' dir='ltr'>tie</span> <span class='ocrx_word' id='word_1_411' title='bbox 678 4767 756 4808; x_wconf 90' lang='lat' dir='ltr'>more</span> <span class='ocrx_word' id='word_1_412' title='bbox 780 4751 873 4806; x_wconf 72' lang='lat' dir='ltr'>verbis</span> <span class='ocrx_word' id='word_1_413' title='bbox 888 4751 1022 4824; x_wconf 82' lang='lat' dir='ltr'>liiercny-</span> <span class='ocrx_word' id='word_1_414' title='bbox 1074 4754 1209 4811; x_wconf 75' lang='lat' dir='ltr'>Colonum</span> <span class='ocrx_word' id='word_1_415' title='bbox 1225 4757 1287 4810; x_wconf 80' lang='lat' dir='ltr'>virle</span> <span class='ocrx_word' id='word_1_416' title='bbox 1309 4762 1337 4810; x_wconf 89' lang='lat' dir='ltr'>ct</span> <span class='ocrx_word' id='word_1_417' title='bbox 1359 4752 1457 4808; x_wconf 91' lang='lat' dir='ltr'>librum</span> <span class='ocrx_word' id='word_1_418' title='bbox 1472 4751 1507 4807; x_wconf 91' lang='lat' dir='ltr'>de</span> <span class='ocrx_word' id='word_1_419' title='bbox 1527 4749 1600 4808; x_wconf 83' lang='lat' dir='ltr'>liris</span> <span class='ocrx_word' id='word_1_420' title='bbox 1621 4749 1642 4805; x_wconf 92' lang='lat' dir='ltr'>lt</span> 
     </span>
    </p>
   </div>
   <div class='ocr_carea' id='block_1_22' title="bbox 226 4819 1024 4896">
    <p class='ocr_par' dir='ltr' id='par_1_22' title="bbox 226 4819 1024 4896">
     <span class='ocr_line' id='line_1_49' title="bbox 226 4819 1024 4896; baseline -0.005 -14"><span class='ocrx_word' id='word_1_421' title='bbox 226 4840 300 4882; x_wconf 90' lang='lat' dir='ltr'>moto</span> <span class='ocrx_word' id='word_1_422' title='bbox 315 4819 805 4896; x_wconf 84' lang='lat' dir='ltr'>descripsit,suisqueCommeotariis</span> <span class='ocrx_word' id='word_1_423' title='bbox 817 4823 943 4893; x_wconf 85' lang='lat' dir='ltr'>intexuit,</span> <span class='ocrx_word' id='word_1_424' title='bbox 953 4838 1024 4895; x_wconf 80' lang='lat' dir='ltr'>pne·</span> 
     </span>
    </p>
   </div>
   <div class='ocr_carea' id='block_1_23' title="bbox 1076 4749 1887 4898">
    <p class='ocr_par' dir='ltr' id='par_1_23' title="bbox 1076 4749 1887 4898">
     <span class='ocr_line' id='line_1_50' title="bbox 1657 4749 1887 4824; baseline 0.026 -19"><span class='ocrx_word' id='word_1_425' title='bbox 1657 4749 1791 4819; x_wconf 76' lang='lat' dir='ltr'>ustrinae,</span> <span class='ocrx_word' id='word_1_426' title='bbox 1816 4768 1887 4824; x_wconf 85' lang='lat' dir='ltr'>cap.</span> 
     </span>
     <span class='ocr_line' id='line_1_51' title="bbox 1076 4826 1496 4898; baseline -0.007 -18"><span class='ocrx_word' id='word_1_427' title='bbox 1076 4826 1138 4890; x_wconf 82' lang='lat' dir='ltr'>llll.</span> <span class='ocrx_word' id='word_1_428' title='bbox 1155 4839 1184 4884; x_wconf 88' lang='lat' dir='ltr'>et</span> <span class='ocrx_word' id='word_1_429' title='bbox 1198 4842 1259 4898; x_wconf 78' lang='lat' dir='ltr'>qum</span> <span class='ocrx_word' id='word_1_430' title='bbox 1274 4827 1309 4881; x_wconf 92' lang='lat' dir='ltr'>ibi</span> <span class='ocrx_word' id='word_1_431' title='bbox 1322 4833 1496 4880; x_wconf 81' lang='lat' dir='ltr'>annotantes.</span> 
     </span>
    </p>
   </div>
   <div class='ocr_carea' id='block_1_24' title="bbox 225 4891 1882 5040">
    <p class='ocr_par' dir='ltr' id='par_1_24' title="bbox 225 4891 1882 5040">
     <span class='ocr_line' id='line_1_52' title="bbox 227 4891 1702 4963; baseline -0.005 -9"><span class='ocrx_word' id='word_1_432' title='bbox 227 4892 565 4963; x_wconf 77' lang='lat' dir='ltr'>tetmiaitnutrtiqnitlcm</span> <span class='ocrx_word' id='word_1_433' title='bbox 596 4891 667 4947; x_wconf 88' lang='lat' dir='ltr'>baud</span> <span class='ocrx_word' id='word_1_434' title='bbox 691 4909 753 4948; x_wconf 89' lang='lat' dir='ltr'>roro</span> <span class='ocrx_word' id='word_1_435' title='bbox 779 4892 850 4950; x_wconf 89' lang='lat' dir='ltr'>inter</span> <span class='ocrx_word' id='word_1_436' title='bbox 879 4895 1021 4950; x_wconf 86' lang='lat' dir='ltr'>irotumern</span> <span class='ocrx_word' id='word_1_437' title='bbox 1111 4895 1246 4954; x_wconf 76' lang='lat' dir='ltr'>dliccem</span> <span class='ocrx_word' id='word_1_438' title='bbox 1259 4905 1362 4952; x_wconf 83' lang='lat' dir='ltr'>sntrclot</span> <span class='ocrx_word' id='word_1_439' title='bbox 1376 4896 1518 4951; x_wconf 88' lang='lat' dir='ltr'>Palatinus</span> <span class='ocrx_word' id='word_1_440' title='bbox 1533 4907 1586 4950; x_wconf 89' lang='lat' dir='ltr'>ms.</span> <span class='ocrx_word' id='word_1_441' title='bbox 1601 4892 1702 4948; x_wconf 87' lang='lat' dir='ltr'>nescit.</span> 
     </span>
     <span class='ocr_line' id='line_1_53' title="bbox 225 4939 1882 5040; baseline -0.002 -16"><span class='ocrx_word' id='word_1_442' title='bbox 225 4967 324 5040; x_wconf 83' lang='lat' dir='ltr'>quibua</span> <span class='ocrx_word' id='word_1_443' title='bbox 348 4974 434 5022; x_wconf 87' lang='lat' dir='ltr'>scatet</span> <span class='ocrx_word' id='word_1_444' title='bbox 447 4963 557 5029; x_wconf 86' lang='lat' dir='ltr'>mentio,</span> <span class='ocrx_word' id='word_1_445' title='bbox 574 4963 715 5020; x_wconf 88' lang='lat' dir='ltr'>meliorem</span> <span class='ocrx_word' id='word_1_446' title='bbox 743 4964 889 5021; x_wconf 88' lang='lat' dir='ltr'>lectionem</span> <span class='ocrx_word' id='word_1_447' title='bbox 903 4980 936 5019; x_wconf 82' lang='lat' dir='ltr'>ex</span> <span class='ocrx_word' id='word_1_448' title='bbox 950 4939 1059 5021; x_wconf 75' lang='lat' dir='ltr'>rituti·C</span> <span class='ocrx_word' id='word_1_449' title='bbox 1112 4981 1124 5008; x_wconf 63' lang='lat' dir='ltr'>s</span> <span class='ocrx_word' id='word_1_450' title='bbox 1145 4970 1365 5040; x_wconf 81' lang='lat' dir='ltr'>consequentem</span> <span class='ocrx_word' id='word_1_451' title='bbox 1379 4967 1476 5038; x_wconf 78' lang='lat' dir='ltr'>viginti</span> <span class='ocrx_word' id='word_1_452' title='bbox 1493 4968 1549 5022; x_wconf 87' lang='lat' dir='ltr'>lere</span> <span class='ocrx_word' id='word_1_453' title='bbox 1563 4979 1691 5020; x_wconf 82' lang='lat' dir='ltr'>versuum</span> <span class='ocrx_word' id='word_1_454' title='bbox 1707 4963 1882 5037; x_wconf 87' lang='lat' dir='ltr'>pericopen,</span> 
     </span>
    </p>
   </div>
   <div class='ocr_carea' id='block_1_25' title="bbox 221 5035 1023 5464">
    <p class='ocr_par' dir='ltr' id='par_1_25' title="bbox 221 5035 1023 5464">
     <span class='ocr_line' id='line_1_54' title="bbox 224 5035 1021 5111; baseline -0.004 -15"><span class='ocrx_word' id='word_1_455' title='bbox 224 5037 482 5111; x_wconf 63' lang='lat' dir='ltr'>queomnipotens</span> <span class='ocrx_word' id='word_1_456' title='bbox 491 5035 629 5101; x_wconf 74' lang='lat' dir='ltr'>utebatur,</span> <span class='ocrx_word' id='word_1_457' title='bbox 637 5035 838 5105; x_wconf 82' lang='lat' dir='ltr'>exemplaribus</span> <span class='ocrx_word' id='word_1_458' title='bbox 847 5037 958 5106; x_wconf 84' lang='lat' dir='ltr'>protem.</span> <span class='ocrx_word' id='word_1_459' title='bbox 969 5038 1021 5093; x_wconf 89' lang='lat' dir='ltr'>be·</span> 
     </span>
     <span class='ocr_line' id='line_1_55' title="bbox 224 5105 1022 5182; baseline 0.001 -18"><span class='ocrx_word' id='word_1_460' title='bbox 224 5109 309 5182; x_wconf 89' lang='lat' dir='ltr'>nique</span> <span class='ocrx_word' id='word_1_461' title='bbox 323 5123 358 5164; x_wconf 85' lang='lat' dir='ltr'>et</span> <span class='ocrx_word' id='word_1_462' title='bbox 372 5107 453 5165; x_wconf 82' lang='lat' dir='ltr'>editis</span> <span class='ocrx_word' id='word_1_463' title='bbox 468 5106 618 5163; x_wconf 80' lang='lat' dir='ltr'>rarioribus</span> <span class='ocrx_word' id='word_1_464' title='bbox 632 5105 1022 5169; x_wconf 64' lang='lat' dir='ltr'>libita,eotootemeocttttn·</span> 
     </span>
     <span class='ocr_line' id='line_1_56' title="bbox 225 5177 1021 5254; baseline -0.001 -16"><span class='ocrx_word' id='word_1_465' title='bbox 225 5179 411 5239; x_wconf 83' lang='lat' dir='ltr'>ocntioaonia</span> <span class='ocrx_word' id='word_1_466' title='bbox 424 5177 551 5254; x_wconf 80' lang='lat' dir='ltr'>Gymnici</span> <span class='ocrx_word' id='word_1_467' title='bbox 575 5193 647 5234; x_wconf 89' lang='lat' dir='ltr'>tttno</span> <span class='ocrx_word' id='word_1_468' title='bbox 661 5177 728 5235; x_wconf 75' lang='lat' dir='ltr'>root</span> <span class='ocrx_word' id='word_1_469' title='bbox 742 5193 796 5236; x_wconf 90' lang='lat' dir='ltr'>oon</span> <span class='ocrx_word' id='word_1_470' title='bbox 812 5179 913 5235; x_wconf 78' lang='lat' dir='ltr'>trustra</span> <span class='ocrx_word' id='word_1_471' title='bbox 925 5191 1021 5237; x_wconf 90' lang='lat' dir='ltr'>contu-</span> 
     </span>
     <span class='ocr_line' id='line_1_57' title="bbox 225 5253 1023 5397; baseline -0.004 -16"><span class='ocrx_word' id='word_1_472' title='bbox 225 5253 393 5394; x_wconf 44' lang='lat' dir='ltr'>¹¹¹¹iuli‘ottrl,</span> <span class='ocrx_word' id='word_1_473' title='bbox 408 5329 436 5380; x_wconf 87' lang='lat' dir='ltr'>et</span> <span class='ocrx_word' id='word_1_474' title='bbox 447 5335 516 5394; x_wconf 85' lang='lat' dir='ltr'>quoa</span> <span class='ocrx_word' id='word_1_475' title='bbox 531 5319 624 5378; x_wconf 78' lang='lat' dir='ltr'>inundat</span> <span class='ocrx_word' id='word_1_476' title='bbox 642 5319 766 5378; x_wconf 86' lang='lat' dir='ltr'>llartiao.</span> <span class='ocrx_word' id='word_1_477' title='bbox 783 5321 861 5392; x_wconf 68' lang='lat' dir='ltr'>llos„</span> <span class='ocrx_word' id='word_1_478' title='bbox 875 5322 945 5395; x_wconf 82' lang='lat' dir='ltr'>quid</span> <span class='ocrx_word' id='word_1_479' title='bbox 966 5325 1023 5397; x_wconf 81' lang='lat' dir='ltr'>epi-</span> 
     </span>
     <span class='ocr_line' id='line_1_58' title="bbox 221 5393 395 5464; baseline -0.011 -10"><span class='ocrx_word' id='word_1_480' title='bbox 221 5393 329 5464; x_wconf 78' lang='lat' dir='ltr'>stolem,</span> <span class='ocrx_word' id='word_1_481' title='bbox 343 5403 395 5453; x_wconf 89' lang='lat' dir='ltr'>etc.</span> 
     </span>
    </p>
   </div>
   <div class='ocr_carea' id='block_1_26' title="bbox 1076 5036 1882 5254">
    <p class='ocr_par' dir='ltr' id='par_1_26' title="bbox 1076 5036 1882 5254">
     <span class='ocr_line' id='line_1_59' title="bbox 1076 5036 1882 5110; baseline 0 -14"><span class='ocrx_word' id='word_1_482' title='bbox 1076 5040 1103 5096; x_wconf 89' lang='lat' dir='ltr'>in</span> <span class='ocrx_word' id='word_1_483' title='bbox 1123 5042 1165 5098; x_wconf 87' lang='lat' dir='ltr'>soi</span> <span class='ocrx_word' id='word_1_484' title='bbox 1191 5041 1395 5097; x_wconf 71' lang='lat' dir='ltr'>excreationem</span> <span class='ocrx_word' id='word_1_485' title='bbox 1421 5039 1517 5094; x_wconf 81' lang='lat' dir='ltr'>recitat</span> <span class='ocrx_word' id='word_1_486' title='bbox 1539 5036 1568 5094; x_wconf 91' lang='lat' dir='ltr'>S.</span> <span class='ocrx_word' id='word_1_487' title='bbox 1592 5036 1701 5102; x_wconf 80' lang='lat' dir='ltr'>booron,</span> <span class='ocrx_word' id='word_1_488' title='bbox 1718 5039 1882 5110; x_wconf 77' lang='lat' dir='ltr'>ingeritque</span> 
     </span>
     <span class='ocr_line' id='line_1_60' title="bbox 1076 5107 1877 5184; baseline 0 -17"><span class='ocrx_word' id='word_1_489' title='bbox 1076 5115 1226 5184; x_wconf 79' lang='lat' dir='ltr'>Atrgustino</span> <span class='ocrx_word' id='word_1_490' title='bbox 1240 5111 1354 5181; x_wconf 85' lang='lat' dir='ltr'>epistola</span> <span class='ocrx_word' id='word_1_491' title='bbox 1369 5111 1396 5166; x_wconf 88' lang='lat' dir='ltr'>in</span> <span class='ocrx_word' id='word_1_492' title='bbox 1419 5119 1510 5164; x_wconf 87' lang='lat' dir='ltr'>nostro</span> <span class='ocrx_word' id='word_1_493' title='bbox 1527 5107 1686 5164; x_wconf 80' lang='lat' dir='ltr'>recensione</span> <span class='ocrx_word' id='word_1_494' title='bbox 1702 5108 1772 5178; x_wconf 69' lang='lat' dir='ltr'>tls,</span> <span class='ocrx_word' id='word_1_495' title='bbox 1789 5125 1819 5165; x_wconf 91' lang='lat' dir='ltr'>n.</span> <span class='ocrx_word' id='word_1_496' title='bbox 1835 5113 1877 5167; x_wconf 83' lang='lat' dir='ltr'>t:</span> 
     </span>
     <span class='ocr_line' id='line_1_61' title="bbox 1076 5178 1879 5254; baseline -0.001 -16"><span class='ocrx_word' id='word_1_497' title='bbox 1076 5183 1211 5250; x_wconf 87' lang='lat' dir='ltr'>Primum,</span> <span class='ocrx_word' id='word_1_498' title='bbox 1236 5183 1342 5252; x_wconf 90' lang='lat' dir='ltr'>inquit,</span> <span class='ocrx_word' id='word_1_499' title='bbox 1371 5181 1528 5254; x_wconf 80' lang='lat' dir='ltr'>respondeo,</span> <span class='ocrx_word' id='word_1_500' title='bbox 1559 5178 1677 5234; x_wconf 78' lang='lat' dir='ltr'>debuisse</span> <span class='ocrx_word' id='word_1_501' title='bbox 1701 5181 1879 5248; x_wconf 74' lang='lat' dir='ltr'>prosecutione</span> 
     </span>
    </p>
   </div>
   <div class='ocr_carea' id='block_1_27' title="bbox 1074 5251 1887 5464">
    <p class='ocr_par' dir='ltr' id='par_1_27' title="bbox 1074 5251 1887 5464">
     <span class='ocr_line' id='line_1_62' title="bbox 1074 5251 1884 5326; baseline -0.005 -14"><span class='ocrx_word' id='word_1_502' title='bbox 1074 5265 1146 5312; x_wconf 88' lang='lat' dir='ltr'>tunm</span> <span class='ocrx_word' id='word_1_503' title='bbox 1160 5254 1377 5326; x_wconf 73' lang='lat' dir='ltr'>Proitttiuncultc</span> <span class='ocrx_word' id='word_1_504' title='bbox 1389 5251 1640 5307; x_wconf 75' lang='lat' dir='ltr'>Cotnrnemnriorom</span> <span class='ocrx_word' id='word_1_505' title='bbox 1648 5265 1766 5306; x_wconf 82' lang='lat' dir='ltr'>meorum</span> <span class='ocrx_word' id='word_1_506' title='bbox 1781 5255 1884 5308; x_wconf 85' lang='lat' dir='ltr'>meroi-</span> 
     </span>
     <span class='ocr_line' id='line_1_63' title="bbox 1074 5321 1887 5398; baseline -0.017 -16"><span class='ocrx_word' id='word_1_507' title='bbox 1074 5328 1142 5384; x_wconf 83' lang='lat' dir='ltr'>nime</span> <span class='ocrx_word' id='word_1_508' title='bbox 1156 5327 1266 5382; x_wconf 80' lang='lat' dir='ltr'>dicentis</span> <span class='ocrx_word' id='word_1_509' title='bbox 1279 5342 1312 5381; x_wconf 85' lang='lat' dir='ltr'>eo</span> <span class='ocrx_word' id='word_1_510' title='bbox 1321 5341 1434 5398; x_wconf 85' lang='lat' dir='ltr'>persono</span> <span class='ocrx_word' id='word_1_511' title='bbox 1456 5340 1533 5381; x_wconf 87' lang='lat' dir='ltr'>mco:</span> <span class='ocrx_word' id='word_1_512' title='bbox 1555 5321 1626 5390; x_wconf 82' lang='lat' dir='ltr'>Qatt</span> <span class='ocrx_word' id='word_1_513' title='bbox 1638 5322 1731 5394; x_wconf 61' lang='lat' dir='ltr'>ipilutq</span> <span class='ocrx_word' id='word_1_514' title='bbox 1746 5339 1793 5397; x_wconf 83' lang='lat' dir='ltr'>epo</span> <span class='ocrx_word' id='word_1_515' title='bbox 1807 5325 1887 5380; x_wconf 81' lang='lat' dir='ltr'>stul.</span> 
     </span>
     <span class='ocr_line' id='line_1_64' title="bbox 1074 5408 1193 5464; baseline 0 -11"><span class='ocrx_word' id='word_1_516' title='bbox 1074 5408 1124 5464; x_wconf 80' lang='lat' dir='ltr'>tot.</span> <span class='ocrx_word' id='word_1_517' title='bbox 1140 5409 1193 5456; x_wconf 88' lang='lat' dir='ltr'>etc.</span> 
     </span>
    </p>
   </div>
   <div class='ocr_carea' id='block_1_28' title="bbox 172 5450 1884 5616">
    <p class='ocr_par' dir='ltr' id='par_1_28' title="bbox 172 5450 1884 5616">
     <span class='ocr_line' id='line_1_65' title="bbox 172 5450 1884 5540; baseline 0.001 -16"><span class='ocrx_word' id='word_1_518' title='bbox 172 5487 176 5494; x_wconf 96' lang='lat'>·</span> <span class='ocrx_word' id='word_1_519' title='bbox 260 5479 272 5508; x_wconf 76' lang='lat'>⁰</span> <span class='ocrx_word' id='word_1_520' title='bbox 292 5469 380 5524; x_wconf 78' lang='lat' dir='ltr'>anteo</span> <span class='ocrx_word' id='word_1_521' title='bbox 395 5475 443 5523; x_wconf 87' lang='lat' dir='ltr'>out</span> <span class='ocrx_word' id='word_1_522' title='bbox 458 5463 545 5534; x_wconf 81' lang='lat' dir='ltr'>tolon,</span> <span class='ocrx_word' id='word_1_523' title='bbox 559 5473 606 5522; x_wconf 80' lang='lat' dir='ltr'>arnt</span> <span class='ocrx_word' id='word_1_524' title='bbox 628 5463 802 5522; x_wconf 90' lang='lat' dir='ltr'>incommodo</span> <span class='ocrx_word' id='word_1_525' title='bbox 816 5479 900 5523; x_wconf 87' lang='lat' dir='ltr'>sensu</span> <span class='ocrx_word' id='word_1_526' title='bbox 916 5467 1021 5540; x_wconf 77' lang='lat' dir='ltr'>tepeba-</span> <span class='ocrx_word' id='word_1_527' title='bbox 1110 5470 1120 5510; x_wconf 73' lang='lat'><strong><em>¹</em></strong></span> <span class='ocrx_word' id='word_1_528' title='bbox 1142 5471 1172 5528; x_wconf 93' lang='lat' dir='ltr'>lo</span> <span class='ocrx_word' id='word_1_529' title='bbox 1187 5470 1273 5528; x_wconf 86' lang='lat' dir='ltr'>Palnt.</span> <span class='ocrx_word' id='word_1_530' title='bbox 1291 5485 1342 5525; x_wconf 82' lang='lat' dir='ltr'>ms.</span> <span class='ocrx_word' id='word_1_531' title='bbox 1359 5485 1366 5523; x_wconf 91' lang='lat'>:</span> <span class='ocrx_word' id='word_1_532' title='bbox 1383 5450 1454 5536; x_wconf 78' lang='lat' dir='ltr'>Quin</span> <span class='ocrx_word' id='word_1_533' title='bbox 1467 5467 1565 5540; x_wconf 79' lang='lat' dir='ltr'>potior,</span> <span class='ocrx_word' id='word_1_534' title='bbox 1581 5476 1610 5522; x_wconf 87' lang='lat' dir='ltr'>ut</span> <span class='ocrx_word' id='word_1_535' title='bbox 1623 5467 1688 5523; x_wconf 85' lang='lat' dir='ltr'>mibt</span> <span class='ocrx_word' id='word_1_536' title='bbox 1702 5466 1884 5536; x_wconf 63' lang='lat' dir='ltr'>uiriconcnn-</span> 
     </span>
     <span class='ocr_line' id='line_1_66' title="bbox 220 5538 1712 5616; baseline 0.001 -20"><span class='ocrx_word' id='word_1_537' title='bbox 220 5547 278 5608; x_wconf 82' lang='lat' dir='ltr'>lor,</span> <span class='ocrx_word' id='word_1_538' title='bbox 293 5538 337 5612; x_wconf 87' lang='lat' dir='ltr'>qui</span> <span class='ocrx_word' id='word_1_539' title='bbox 350 5539 440 5596; x_wconf 82' lang='lat' dir='ltr'>Rorttm</span> <span class='ocrx_word' id='word_1_540' title='bbox 463 5554 559 5612; x_wconf 79' lang='lat' dir='ltr'>pueros</span> <span class='ocrx_word' id='word_1_541' title='bbox 573 5538 732 5594; x_wconf 77' lang='lat' dir='ltr'>rbetoocom</span> <span class='ocrx_word' id='word_1_542' title='bbox 747 5538 847 5604; x_wconf 78' lang='lat' dir='ltr'>docuit,</span> <span class='ocrx_word' id='word_1_543' title='bbox 869 5539 911 5593; x_wconf 87' lang='lat' dir='ltr'>tel</span> <span class='ocrx_word' id='word_1_544' title='bbox 925 5583 933 5607; x_wconf 93' lang='lat'>,</span> <span class='ocrx_word' id='word_1_545' title='bbox 949 5547 979 5594; x_wconf 89' lang='lat' dir='ltr'>ut</span> <span class='ocrx_word' id='word_1_546' title='bbox 992 5538 1021 5597; x_wconf 91' lang='lat' dir='ltr'>in</span> <span class='ocrx_word' id='word_1_547' title='bbox 1072 5543 1123 5599; x_wconf 88' lang='lat' dir='ltr'>tior</span> <span class='ocrx_word' id='word_1_548' title='bbox 1136 5553 1215 5616; x_wconf 86' lang='lat' dir='ltr'>utque</span> <span class='ocrx_word' id='word_1_549' title='bbox 1228 5543 1355 5610; x_wconf 81' lang='lat' dir='ltr'>timidior,</span> <span class='ocrx_word' id='word_1_550' title='bbox 1369 5542 1414 5612; x_wconf 85' lang='lat' dir='ltr'>qai</span> <span class='ocrx_word' id='word_1_551' title='bbox 1424 5539 1637 5609; x_wconf 79' lang='lat' dir='ltr'>imbecillitatem,</span> <span class='ocrx_word' id='word_1_552' title='bbox 1654 5548 1712 5598; x_wconf 87' lang='lat' dir='ltr'>ete.</span> 
     </span>
    </p>
   </div>
   <div class='ocr_carea' id='block_1_29' title="bbox 220 5609 1021 5755">
    <p class='ocr_par' dir='ltr' id='par_1_29' title="bbox 220 5609 1021 5755">
     <span class='ocr_line' id='line_1_67' title="bbox 220 5609 1021 5682; baseline 0 -16"><span class='ocrx_word' id='word_1_553' title='bbox 220 5610 328 5682; x_wconf 70' lang='lat' dir='ltr'>aliquot</span> <span class='ocrx_word' id='word_1_554' title='bbox 349 5609 431 5668; x_wconf 88' lang='lat' dir='ltr'>etium</span> <span class='ocrx_word' id='word_1_555' title='bbox 445 5625 512 5668; x_wconf 85' lang='lat' dir='ltr'>mss.</span> <span class='ocrx_word' id='word_1_556' title='bbox 532 5609 657 5668; x_wconf 83' lang='lat' dir='ltr'>invenire</span> <span class='ocrx_word' id='word_1_557' title='bbox 672 5618 729 5677; x_wconf 84' lang='lat' dir='ltr'>ost,</span> <span class='ocrx_word' id='word_1_558' title='bbox 742 5610 787 5682; x_wconf 81' lang='lat' dir='ltr'>qnni</span> <span class='ocrx_word' id='word_1_559' title='bbox 797 5609 889 5666; x_wconf 77' lang='lat' dir='ltr'>nono</span> <span class='ocrx_word' id='word_1_560' title='bbox 905 5626 944 5664; x_wconf 82' lang='lat' dir='ltr'>rnre</span> <span class='ocrx_word' id='word_1_561' title='bbox 956 5627 1021 5681; x_wconf 85' lang='lat' dir='ltr'>pue-</span> 
     </span>
     <span class='ocr_line' id='line_1_68' title="bbox 220 5679 1020 5755; baseline 0.003 -17"><span class='ocrx_word' id='word_1_562' title='bbox 220 5693 281 5738; x_wconf 76' lang='lat' dir='ltr'>um</span> <span class='ocrx_word' id='word_1_563' title='bbox 294 5679 450 5739; x_wconf 68' lang='lat' dir='ltr'>rhetoricum</span> <span class='ocrx_word' id='word_1_564' title='bbox 470 5683 577 5755; x_wconf 74' lang='lat' dir='ltr'>nocuit,</span> <span class='ocrx_word' id='word_1_565' title='bbox 603 5681 647 5742; x_wconf 86' lang='lat' dir='ltr'>tel</span> <span class='ocrx_word' id='word_1_566' title='bbox 671 5681 809 5754; x_wconf 86' lang='lat' dir='ltr'>deniqne,</span> <span class='ocrx_word' id='word_1_567' title='bbox 826 5681 917 5738; x_wconf 76' lang='lat' dir='ltr'>loono</span> <span class='ocrx_word' id='word_1_568' title='bbox 939 5697 980 5738; x_wconf 85' lang='lat' dir='ltr'>otc</span> <span class='ocrx_word' id='word_1_569' title='bbox 1003 5699 1020 5740; x_wconf 87' lang='lat' dir='ltr'>c</span> 
     </span>
    </p>
   </div>
   <div class='ocr_carea' id='block_1_30' title="bbox 1108 5611 1804 5754">
    <p class='ocr_par' dir='ltr' id='par_1_30' title="bbox 1108 5611 1804 5754">
     <span class='ocr_line' id='line_1_69' title="bbox 1108 5611 1804 5708; baseline -0.009 -36"><span class='ocrx_word' id='word_1_570' title='bbox 1108 5625 1121 5666; x_wconf 88' lang='lat' dir='ltr'>t</span> <span class='ocrx_word' id='word_1_571' title='bbox 1142 5618 1228 5672; x_wconf 78' lang='lat' dir='ltr'>boten</span> <span class='ocrx_word' id='word_1_572' title='bbox 1241 5622 1312 5683; x_wconf 81' lang='lat' dir='ltr'>erat,</span> <span class='ocrx_word' id='word_1_573' title='bbox 1325 5612 1444 5686; x_wconf 85' lang='lat' dir='ltr'>propria,</span> <span class='ocrx_word' id='word_1_574' title='bbox 1466 5611 1556 5667; x_wconf 90' lang='lat' dir='ltr'>minus</span> <span class='ocrx_word' id='word_1_575' title='bbox 1567 5621 1652 5668; x_wconf 88' lang='lat' dir='ltr'>recte.</span> <span class='ocrx_word' id='word_1_576' title='bbox 1800 5687 1804 5708; x_wconf 48' lang='grc' dir='ltr'>Ι</span> 
     </span>
     <span class='ocr_line' id='line_1_70' title="bbox 1798 5711 1804 5754; baseline 0 0"><span class='ocrx_word' id='word_1_577' title='bbox 1798 5711 1804 5754; x_wconf 95' lang='lat' dir='ltr'>t</span> 
     </span>
    </p>
   </div>
   <div class='ocr_carea' id='block_1_31' title="bbox 0 0 2007 6324">
    <p class='ocr_par' dir='ltr' id='par_1_31' title="bbox 0 0 2007 6324">
     <span class='ocr_line' id='line_1_71' title="bbox 0 0 2007 6324; baseline 0 0"><span class='ocrx_word' id='word_1_578' title='bbox 0 0 2007 6324; x_wconf 95' lang='lat' dir='ltr'> </span> 
     </span>
    </p>
   </div>
  </div>
 </body>
</html>
