4000 6334
116 831 156 893 hd
179 850 257 898 eam
276 837 346 919 jam
368 837 556 904 devenimus
580 837 730 904 editionis
750 843 870 902 nostres
895 842 1039 918 partem,
1063 852 1131 917 qua
1153 832 1482 916 Hieronymianarum
1507 829 1725 912 scriptionum

86 931 255 997 absolvitur
271 953 375 1020 genus
403 939 501 1016 iilud,
518 937 604 1020 quod
622 944 672 1003 est
689 937 816 1018 quidem
832 955 891 1018 pro
907 937 1091 1002 divinarum
1104 981 1114 1012 ,
1129 952 1212 1017 quas
1228 939 1366 1010 tractat,
1381 934 1577 996 Litterarum
1593 949 1725 997 summa

87 1027 228 1110 dignitate
242 1036 370 1100 ceteris
386 1039 594 1118 praestantius
607 1038 759 1102 omnibus
774 1057 782 1099 ε
801 1055 860 1119 pro
876 1038 1027 1102 Auctoris
1041 1043 1149 1101 autern
1163 1034 1343 1100 incredibili
1356 1034 1538 1098 eruditione
1557 1035 1601 1097 ita
1618 1032 1727 1096 excel·

89 1129 131 1208 lit,
147 1137 180 1194 ut
194 1133 223 1194 si
244 1137 399 1213 posthoc
420 1137 520 1200 lerme
536 1139 713 1212 biennium,
729 1156 768 1202 ex
789 1155 857 1218 quo
870 1139 939 1221 ejus
955 1156 1006 1202 me
1029 1143 1134 1202 totum
1153 1137 1267 1202 derori
1294 1135 1421 1213 studio,
1448 1138 1555 1218 palam
1580 1134 1727 1216 prodteri

89 1232 160 1310 quod
177 1234 288 1296 sentio
304 1235 399 1311 lieet,
413 1242 470 1300 aul
484 1257 536 1302 me
549 1240 691 1320 suscepti
708 1241 741 1302 in
757 1241 807 1303 his
824 1241 1023 1306 exornandis
1041 1239 1290 1304 Commentariis
1307 1239 1426 1320 negotii
1443 1256 1535 1303 amor
1553 1239 1649 1312 lallit,
1668 1245 1729 1301 aut

90 1349 168 1394 neme
193 1351 351 1414 umquam
377 1345 448 1416 post
471 1338 621 1403 homines
646 1348 752 1417 natos,
778 1358 837 1404 nec
853 1358 1029 1406 sacrarum
1043 1357 1290 1406 arcanarcrum
1307 1341 1405 1404 altius
1420 1339 1643 1422 investigarit,
1667 1358 1727 1402 nec

88 1433 291 1508 luculentius,
309 1456 350 1502 es
366 1443 432 1503 lota
446 1441 650 1519 antiquitatis
664 1443 835 1519 mensoria,
850 1449 949 1521 atque
962 1441 1051 1504 omui
1067 1438 1312 1520 disciplinarum
1324 1455 1445 1520 genere
1459 1438 1621 1516 exposuit.
1632 1437 1726 1514 Quod

88 1533 109 1596 si
122 1534 247 1597 Veteris
274 1535 502 1614 iustrumenti,
528 1557 601 1620 quau
621 1539 778 1604 hactenus
803 1541 1027 1622 superioribus
1051 1539 1145 1602 tomis
1172 1538 1395 1602 recensuimus
1422 1538 1727 1618 interpretamento,

90 1639 202 1698 tanturn
225 1635 298 1719 ejus
316 1641 491 1721 provincius
515 1641 651 1724 gloriam
676 1642 923 1705 sustinuerunt:
939 1660 1014 1722 qum
1029 1640 1109 1704 Nori
1128 1657 1216 1703 nunc
1231 1640 1444 1713 exhibemus,
1462 1639 1561 1702 nullis
1579 1655 1644 1700 nen
1661 1655 1733 1700 uu-

89 1737 174 1800 meris
192 1740 364 1818 absoluta,
383 1751 500 1825 prutes
512 1761 583 1808 eam
599 1743 746 1821 laudem,
762 1745 793 1805 id
811 1744 911 1808 terme
925 1745 1023 1808 etiam
1038 1743 1204 1824 peculiare
1216 1743 1352 1817 habent,
1368 1742 1455 1822 quod
1472 1742 1585 1822 paucis
1607 1760 1732 1804 unum-

93 1841 235 1920 quodque
253 1862 354 1924 opus,
369 1862 434 1909 non
446 1846 514 1928 J'am
528 1846 599 1909 dico
615 1847 796 1923 mensibus,
809 1845 863 1910 sed
882 1845 995 1910 diebus
1014 1844 1109 1908 luerit
1122 1844 1325 1920 absolutum,
1335 1844 1453 1923 hicque
1467 1843 1591 1923 integer
1602 1848 1730 1924 tomus,

92 1943 113 2004 si
129 1943 285 2008 rationem
311 1963 377 2010 una
399 1946 503 2024 incas,
521 1948 576 2010 rix
590 1953 744 2029 quatuor,
761 1947 978 2026 autquinque
995 1943 1157 2017 mensium
1177 1945 1287 2008 labore
1303 1942 1493 2006 constiterit.
1508 1942 1651 2004 Tantum
1671 1941 1727 2004 ille

91 2039 301 2106 doctrinarum
316 2045 460 2108 scatebat
473 2045 620 2120 animus,
636 2052 668 2110 et
683 2045 761 2118 ψυχή
782 2046 991 2124 impppesteece
1013 2043 1104 2118 bipes
1119 2043 1190 2118 Qua
1207 2041 1338 2121 quidem
1359 2041 1394 2103 in
1417 2058 1454 2104 re
1478 2041 1625 2104 miraculi
1651 2041 1732 2104 milrl

14 2163 15 2174 ¹
92 2147 184 2210 instar
200 2150 267 2221 est,
286 2147 417 2228 quando
432 2148 500 2227 ipse
524 2147 563 2210 de
587 2164 622 2210 se
646 2147 764 2211 latetur
788 2149 821 2208 ln
841 2146 977 2227 Prelogo
993 2145 1130 2209 alterius
1145 2143 1218 2207 libri
1242 2143 1276 2204 in
1298 2143 1475 2222 Epistulam
1495 2141 1535 2205 ad
1551 2142 1731 2222 Ephesios,

93 2244 242 2309 interdum
254 2262 313 2328 pcr
326 2246 470 2326 ungulos
482 2247 547 2310 dies
560 2265 658 2328 usque
669 2244 712 2309 etl
728 2265 891 2308 numerum
907 2245 993 2309 mille
1016 2261 1162 2308 curuum
1179 2244 1343 2325 peruenire
1361 2265 1372 2304 .·
1389 2261 1462 2307 cum
1480 2247 1572 2308 tanta
1591 2244 1734 2308 dictandi

94 2345 271 2417 alacritate,
288 2345 341 2408 cui
358 2344 412 2407 six
430 2362 525 2425 pares
540 2345 709 2412 scribendo
726 2345 845 2409 luerint
859 2361 1095 2417 amanuenses,
1117 2347 1241 2407 mutam
1263 2349 1296 2409 et
1321 2342 1514 2408 elocutionis
1531 2344 1733 2423 castitatem,

95 2451 120 2507 ct
132 2442 368 2508 sententiarum
384 2445 510 2524 copiam
524 2461 617 2524 mque
630 2453 728 2524 atque
745 2445 907 2508 delectum
919 2443 1059 2525 jungere
1075 2443 1233 2525 potuisse.

127 2543 205 2623 Qum
229 2545 284 2607 hie
311 2546 422 2626 itaque
447 2552 554 2609 tomus
582 2547 805 2629 complectitur
830 2547 931 2610 sancti
948 2547 1052 2609 Patris
1070 2563 1191 2627 opera,
1206 2545 1267 2609 etsi
1283 2564 1349 2610 non
1366 2564 1502 2628 omnes,
1517 2548 1737 2614 nobilissimas
1828 2547 1832 2558 '

96 2655 193 2712 tannen
210 2647 293 2712 Nori
310 2647 507 2712 Testamenti
523 2653 631 2728 parles
646 2648 852 2712 edisserunt:
870 2645 1013 2711 Matthaei
1038 2647 1160 2710 scilicet
1173 2645 1405 2729 Evangeliums
1428 2652 1497 2711 tum
1512 2648 1631 2712 selecta
1644 2665 1738 2728 putu·

96 2751 162 2814 dam
178 2751 275 2815 Luem
292 2752 415 2831 capita,
434 2751 566 2832 triginta
588 2768 703 2814 novem
729 2749 878 2812 Homlliis
905 2767 946 2812 cx
971 2748 1121 2830 Origenis
1148 2747 1260 2812 Grssco
1283 2748 1398 2811 Latino
1424 2745 1572 2824 redditus
1596 2754 1739 2827 quatuor

95 2850 228 2931 denique
238 2851 333 2914 Pauli
348 2851 521 2930 Epistulas,
533 2851 573 2915 ad
584 2851 716 2915 Galatas
730 2855 763 2914 et
775 2849 944 2930 Ephesios,
958 2851 1067 2913 Titum
1081 2855 1113 2910 et
1125 2849 1356 2913 Philemonem.
1367 2850 1472 2927 htque
1487 2855 1523 2910 ot
1535 2851 1573 2912 de
1589 2851 1740 2930 singulis,

97 2972 163 3034 quae
176 2954 361 3034 praedocere
372 2953 526 3017 lectorem
537 2955 648 3030 decet,
662 2970 836 3034 exponam,
847 2957 878 3016 et
888 2951 1052 3033 praecipue
1064 2951 1249 3031 scriptionis
1262 2958 1409 3030 tempas:
1424 2951 1739 3014 Commentariorum
1986 3018 1987 3023 ,

98 3055 127 3116 in
140 3057 344 3130 htatthacurn,
360 3057 415 3136 qui
432 3075 473 3119 ex
495 3055 735 3136 scripturarum
754 3055 867 3118 ordine
886 3055 982 3133 primi
1000 3061 1196 3128 occurrunt,
1218 3059 1361 3131 quatuor
1378 3052 1476 3114 libros
1491 3051 1523 3114 S.
1540 3054 1644 3127 Pater,
1665 3023 1988 3132 cumr—“q

99 3156 198 3218 subito
213 3173 254 3217 ex
269 3154 402 3217 Oriente
417 3155 552 3218 Romam
567 3154 781 3234 navigaturus
794 3152 1023 3217 Cremonensis
1038 3152 1199 3216 Eusebius
1211 3151 1298 3216 hanc
1310 3153 1371 3214 sibi
1384 3153 1480 3232 quasi
1492 3153 1656 3216 sitarciam
1669 3152 1741 3216 duri

100 3256 253 3334 petiisset,
285 3254 342 3317 rix
367 3253 551 3334 quindecim
569 3252 694 3315 dierum
721 3253 838 3330 spatio,
860 3251 1049 3314 imminente
1070 3249 1137 3330 jam
1159 3249 1295 3328 Pascha,
1312 3248 1470 3330 proludit,
1495 3267 1570 3312 eum
1595 3268 1616 3315 a
1642 3253 1741 3315 trium

99 3356 249 3420 mensium
265 3355 476 3436 aegrotatione
505 3353 640 3416 vixdum
667 3351 898 3414 convalescere
924 3351 1093 3431 inciperet.
1118 3349 1167 3413 Ex
1190 3350 1240 3414 his
1266 3350 1339 3414 iacti
1367 3350 1632 3429 circumstantiis,
1657 3369 1741 3432 quas

100 3452 224 3530 ipsemet
249 3454 283 3516 in
311 3451 431 3533 prioris
448 3451 583 3533 prologo
598 3451 675 3514 libri
694 3454 813 3512 hoctor
829 3455 935 3525 uolat,
962 3449 1133 3514 manileslo
1151 3451 1227 3514 licet
1239 3451 1413 3533 colligere,
1430 3451 1470 3515 ad
1487 3469 1585 3531 quem
1599 3471 1740 3530 anuum,

101 3550 161 3614 sire
174 3551 250 3614 anni
268 3551 480 3630 perexiguam
495 3557 620 3631 partem
637 3550 841 3613 elucubratio
858 3551 918 3612 ista
933 3549 1169 3630 pertinentiis
1191 3551 1310 3631 quippe
1331 3553 1428 3615 trium
1448 3553 1609 3616 mensium
1631 3571 1740 3636 aegro·

103 3651 189 3726 latio,
204 3668 278 3731 quse
298 3652 360 3712 sub
374 3650 638 3732 Quadragesimm
652 3649 765 3713 diebus
780 3650 872 3712 illum
891 3651 1068 3730 utcumque
1087 3651 1250 3731 respirare
1270 3653 1436 3732 permisit,
1452 3654 1548 3735 plane
1566 3653 1679 3719 eadem
1694 3665 1744 3720 est

102 3761 192 3832 atque
209 3752 283 3827 illa,
299 3768 397 3832 quam
413 3753 446 3815 ln
463 3752 601 3831 epistola
619 3753 653 3814 in
669 3757 779 3814 nostra
795 3749 986 3814 recensione
1002 3752 1054 3825 ut,
1069 3750 1108 3817 ad
1121 3752 1292 3816 Lucinium
1306 3759 1419 3818 notate
1436 3753 1511 3837 Epo
1528 3756 1622 3836 leupo
1636 3765 1743 3820 tentus

102 3853 303 3929 incommodo,
318 3853 376 3917 eis
386 3851 421 3914 in
436 3851 545 3916 diebus
558 3852 809 3943 Quadrupssinsoe
822 3852 980 3935 respuere
992 3855 1092 3934 cupi:
1105 3861 1137 3917 ct
1149 3855 1250 3917 multo
1265 3855 1461 3920 luculentius
1476 3857 1510 3918 in
1519 3857 1571 3932 73,
1583 3857 1622 3921 ad
1635 3857 1743 3921 Eran-

106 3954 228 4034 galum:
251 3954 330 4016 Post
352 3954 479 4034 longum
506 3955 762 4034 oeprotutiensus,
777 3954 835 4017 eiu
849 3955 885 4018 in
902 3955 1156 4037 Qucdrepuisnoe
1167 3955 1274 4020 diebus
1284 3956 1367 4040 febri
1382 3959 1591 4038 cersrcpotus'
1599 4000 1609 4033 ,
1625 3966 1653 4020 st
1671 3977 1743 4022 cuns

102 4055 188 4118 elteri
202 4073 248 4118 nnc
264 4053 355 4137 opert
366 4071 593 4137 prepararem,
602 4073 723 4136 peuces
738 4055 815 4132 dies,
828 4057 885 4138 qui
893 4067 1102 4140 supereraut,
1117 4060 1151 4122 in
1163 4059 1307 4123 Mecales·
1321 4059 1535 4140 Expositione
1552 4063 1744 4144 consumpsi.

103 4157 195 4220 Cortis
216 4162 326 4220 nutem
341 4156 542 4235 argumentis
559 4173 600 4218 ex
615 4155 946 4238 Hieronymianarum
968 4158 1113 4221 maxime
1130 4175 1240 4221 rerum
1259 4159 1343 4222 serie
1362 4158 1560 4222 ostendimus
1577 4161 1611 4225 in
1637 4162 1745 4226 Chro-

106 4257 251 4339 nologicis
264 4257 355 4320 Notis
374 4256 413 4320 ad
429 4273 484 4322 eas
497 4257 674 4338 epistolas,
692 4266 756 4320 tres
770 4259 844 4322 illos
860 4277 986 4323 menses
1002 4262 1045 4325 ab
1068 4260 1146 4324 anni
1173 4261 1388 4326 trecentesimi
1413 4264 1614 4343 nonagesimi
1639 4265 1745 4330 ectasi

106 4358 264 4440 prinis,ut
277 4359 322 4426 its
332 4357 449 4433 dicam,
465 4359 621 4439 calendis,
637 4360 700 4422 uisi
716 4361 743 4424 si
759 4363 860 4425 maris
874 4377 894 4427 a
909 4362 1087 4443 superioris
1106 4362 1287 4443 Decembri,
1300 4381 1371 4427 esse
1385 4365 1631 4446 supputandos:
1648 4374 1684 4428 ut
1700 4369 1742 4430 sit

106 4460 181 4523 adeo
193 4462 261 4544 ejus
275 4462 354 4526 anni
366 4461 484 4526 Martio
500 4461 605 4526 menri
622 4462 814 4526 ascribenda
839 4463 993 4544 temperis
1009 4463 1149 4544 epocha,
1173 4481 1247 4526 cum
1264 4470 1298 4526 et
1320 4472 1486 4528 recreatus
1509 4465 1674 4548 paulisper
1691 4475 1743 4529 est

107 4557 136 4619 S.
159 4562 247 4626 Pater
268 4562 311 4626 ab
335 4577 421 4642 tegra
447 4560 643 4636 valetudine,
663 4567 694 4624 et
704 4561 824 4626 omissa
837 4561 945 4626 studia
965 4562 1054 4626 bisce
1074 4561 1232 4625 dictandis
1248 4561 1280 4624 in
1294 4561 1481 4626 Malthauum
1495 4561 1743 4628 Commentariis

109 4657 199 4723 nimia
215 4661 367 4724 ariditate
385 4659 546 4738 repetivit.
564 4658 708 4732 Pascha,
735 4659 821 4737 quod
845 4657 914 4741 jam
938 4659 1107 4722 imminere
1124 4660 1184 4724 sibi
1197 4660 1294 4737 dixit,
1322 4678 1362 4724 eo
1386 4676 1474 4722 anno
1486 4661 1606 4740 hprilis
1619 4663 1744 4728 decima

110 4769 211 4827 octaua
226 4761 278 4825 die
292 4762 439 4842 contigit.
458 4761 490 4824 ld
515 4777 612 4844 porro
635 4761 740 4838 ipsum
760 4777 801 4820 ex
816 4758 945 4822 Eusebii
961 4759 994 4820 in
1011 4760 1137 4822 ltaliam
1150 4758 1291 4825 adventu
1306 4762 1505 4822 constituas:
1525 4778 1618 4840 quern
1634 4762 1745 4826 Roman

111 4859 201 4925 luisse
216 4863 278 4926 hoc
292 4863 363 4942 ipso
378 4879 466 4924 anno
485 4869 557 4940 post
572 4860 733 4939 medium,
751 4864 890 4922 testatur
903 4859 1121 4941 Hieronymus
1135 4860 1272 4940 epistola
1295 4861 1327 4922 in
1353 4866 1463 4924 nostra
1479 4864 1744 4943 recessissent,

111 4961 147 5023 ad
157 4963 315 5036 llulinunr,
328 4979 393 5024 non
406 4963 498 5024 illum
511 4961 767 5040 aquileiensem,
782 4961 836 5024 scd
850 4960 905 5038 qui
920 4960 1085 5022 Romanus
1101 4960 1265 5039 presbyter
1277 4951 1374 5040 rotgo
1385 4960 1496 5026 audita
1512 4962 1566 5023 ubi
1578 5007 1586 5036 ,
1598 4963 1745 5044 Gaudeo,

112 5060 223 5142 iuquit,
245 5079 341 5144 super
362 5061 537 5124 testimonio
553 5059 627 5141 erpo
643 5079 688 5121 sne
702 5058 883 5123 sanctitatis
908 5068 988 5138 tue,
1012 5068 1042 5122 st
1068 5077 1173 5121 emere
1189 5059 1293 5121 suncti
1309 5057 1491 5138 Presbyteri
1517 5061 1649 5126 Eusebii
1664 5085 1674 5124 .·
1690 5084 1746 5127 uec

111 5161 210 5228 dubito
224 5166 302 5249 pulu
315 5182 361 5227 ms
372 5162 496 5244 publice
507 5161 697 5244 predicetis.
713 5159 772 5224 Sed
790 5168 820 5222 ct
839 5159 962 5240 liquido
986 5161 1207 5224 constabiles
1229 5160 1398 5241 ipsiusmet
1423 5160 1639 5238 Aquileiensis
1666 5183 1745 5242 pro-

112 5263 188 5331 iectu
204 5269 359 5334 hemam:
381 5265 463 5327 libro
484 5265 570 5327 enim
595 5262 689 5324 tortio
712 5261 877 5342 apologiae
897 5266 1011 5324 contra
1027 5259 1176 5324 eumdem
1200 5277 1289 5322 num.
1311 5256 1371 5336 ut,
1397 5264 1604 5339 pestanuum
1622 5280 1745 5340 exque

112 5365 237 5431 ildinus
260 5367 369 5431 isthuc
394 5369 602 5447 peruenerat,
630 5359 799 5424 advenisse
826 5359 984 5422 Eusebius
1010 5359 1189 5422 asseritur:
1205 5358 1420 5422 Pontiniacus
1446 5362 1475 5416 st
1496 5356 1652 5421 Eusebius
1671 5369 1746 5438 pest

111 5488 219 5534 annum
233 5479 346 5534 cestre
359 5465 574 5546 neoipatiouir
585 5464 724 5545 profecti
741 5467 828 5524 sunt.
847 5461 998 5525 Rufinum
1014 5479 1093 5527 vero
1107 5461 1205 5548 lama
1223 5461 1390 5544 superiore
1414 5477 1502 5524 anuo
1521 5460 1582 5522 aut
1600 5464 1669 5541 post
1688 5479 1745 5523 re-

110 5571 204 5636 ditum
216 5593 232 5638 e
246 5572 440 5643 Palestina,
456 5571 517 5631 sub
531 5567 644 5630 Siricio
660 5570 819 5629 moratum
834 5567 943 5630 Romu
959 5582 1048 5644 esse,
1074 5565 1156 5627 nibil
1179 5569 1229 5628 est
1252 5565 1399 5643 dubium,
1422 5571 1554 5642 totaque
1580 5568 1747 5643 gestorum

112 5673 179 5752 ejus
192 5674 327 5739 historio
344 5668 525 5751 persuadet.
539 5671 608 5733 Non
623 5675 671 5732 est
685 5668 764 5732 adeo
778 5685 837 5731 cur
850 5669 993 5747 aliquem
1008 5671 1135 5730 moreat
1148 5667 1240 5729 locus
1254 5667 1307 5728 ille
1320 5667 1352 5729 in
1365 5673 1462 5746 capnt
1476 5683 1502 5726 ιι
1515 5665 1674 5739 Matthaei,
1688 5668 1747 5728 ubi

110 5793 146 5842 se
161 5779 204 5845 ait
216 5777 247 5841 S.
261 5778 358 5840 Pater
372 5772 487 5838 Ossam
502 5771 690 5852 prophetam
701 5788 741 5835 ex
754 5769 889 5834 Eebruo
903 5785 1005 5852 nuper
1015 5767 1170 5850 edidisse,
1183 5784 1256 5832 cum
1271 5775 1347 5832 aute
1361 5767 1460 5832 terme
1472 5783 1531 5830 sex
1545 5784 1649 5830 annos
1666 5783 1749 5848 opus

321 5879 462 5942 Person.
486 5872 605 5938 xxvi.
1489 5866 1505 5932 1
