<?xml version="1.0" encoding="UTF-8"?>
<!DOCTYPE html PUBLIC "-//W3C//DTD XHTML 1.0 Transitional//EN"
    "http://www.w3.org/TR/xhtml1/DTD/xhtml1-transitional.dtd">
<html xmlns="http://www.w3.org/1999/xhtml" xml:lang="en" lang="en">
 <head>
  <title>
</title>
<meta http-equiv="Content-Type" content="text/html;charset=utf-8" />
  <meta name='ocr-system' content='tesseract 3.04.00' />
  <meta name='ocr-capabilities' content='ocr_page ocr_carea ocr_par ocr_line ocrx_word'/>
</head>
<body>
  <div class='ocr_page' id='page_1' title='image "./patrologiaecurs240unkngoog_0347.png"; bbox 0 0 4000 6334; ppageno 0'>
   <div class='ocr_carea' id='block_1_1' title="bbox 138 244 1762 317">
    <p class='ocr_par' dir='ltr' id='par_1_1' title="bbox 138 244 1762 317">
     <span class='ocr_line' id='line_1_1' title="bbox 138 244 1762 317; baseline 0.007 -11"><span class='ocrx_word' id='word_1_1' title='bbox 138 251 179 313; x_wconf 79' lang='lat' dir='ltr'>iil</span> <span class='ocrx_word' id='word_1_2' title='bbox 559 244 795 306; x_wconf 80' lang='lat' dir='ltr'>coltttltttutlttt</span> <span class='ocrx_word' id='word_1_3' title='bbox 815 245 849 304; x_wconf 79' lang='lat' dir='ltr'>lu</span> <span class='ocrx_word' id='word_1_4' title='bbox 868 245 998 302; x_wconf 86' lang='lat' dir='ltr'>ttuutttt</span> <span class='ocrx_word' id='word_1_5' title='bbox 1017 245 1089 303; x_wconf 86' lang='lat' dir='ltr'>tou.</span> <span class='ocrx_word' id='word_1_6' title='bbox 1109 246 1186 303; x_wconf 75' lang='lat' dir='ltr'>ClP.</span> <span class='ocrx_word' id='word_1_7' title='bbox 1209 247 1306 306; x_wconf 81' lang='lat' dir='ltr'>uult.</span> <span class='ocrx_word' id='word_1_8' title='bbox 1709 261 1762 317; x_wconf 70' lang='lat'>682</span> 
     </span>
    </p>
   </div>
   <div class='ocr_carea' id='block_1_2' title="bbox 126 361 1776 3149">
    <p class='ocr_par' dir='ltr' id='par_1_2' title="bbox 126 361 1776 3149">
     <span class='ocr_line' id='line_1_2' title="bbox 139 361 1762 447; baseline 0.005 -25"><span class='ocrx_word' id='word_1_9' title='bbox 139 365 219 422; x_wconf 80' lang='lat' dir='ltr'>liberie.</span> <span class='ocrx_word' id='word_1_10' title='bbox 233 361 347 418; x_wconf 75' lang='lat' dir='ltr'>violenti</span> <span class='ocrx_word' id='word_1_11' title='bbox 361 369 435 428; x_wconf 91' lang='lat' dir='ltr'>sunl,</span> <span class='ocrx_word' id='word_1_12' title='bbox 448 363 494 434; x_wconf 85' lang='lat' dir='ltr'>quai</span> <span class='ocrx_word' id='word_1_13' title='bbox 507 362 619 434; x_wconf 90' lang='lat' dir='ltr'>publice</span> <span class='ocrx_word' id='word_1_14' title='bbox 635 363 909 432; x_wconf 73' lang='lat' dir='ltr'>rapitanturaedones</span> <span class='ocrx_word' id='word_1_15' title='bbox 922 363 949 426; x_wconf 77' lang='lat' dir='ltr'>A</span> <span class='ocrx_word' id='word_1_16' title='bbox 962 362 1210 420; x_wconf 85' lang='lat' dir='ltr'>cufnribnaeitinut.</span> <span class='ocrx_word' id='word_1_17' title='bbox 1223 366 1280 422; x_wconf 87' lang='lat' dir='ltr'>iloc</span> <span class='ocrx_word' id='word_1_18' title='bbox 1293 369 1392 424; x_wconf 82' lang='lat' dir='ltr'>rutulum</span> <span class='ocrx_word' id='word_1_19' title='bbox 1406 378 1447 425; x_wconf 91' lang='lat' dir='ltr'>cst</span> <span class='ocrx_word' id='word_1_20' title='bbox 1458 385 1596 443; x_wconf 76' lang='lat' dir='ltr'>magnum,</span> <span class='ocrx_word' id='word_1_21' title='bbox 1608 383 1636 429; x_wconf 87' lang='lat' dir='ltr'>et</span> <span class='ocrx_word' id='word_1_22' title='bbox 1648 375 1762 447; x_wconf 79' lang='lat' dir='ltr'>iniquis·</span> 
     </span>
     <span class='ocr_line' id='line_1_3' title="bbox 138 453 1762 528; baseline 0.006 -14"><span class='ocrx_word' id='word_1_23' title='bbox 138 465 161 514; x_wconf 90' lang='lat' dir='ltr'>et</span> <span class='ocrx_word' id='word_1_24' title='bbox 181 453 310 510; x_wconf 74' lang='lat' dir='ltr'>latrunculi</span> <span class='ocrx_word' id='word_1_25' title='bbox 339 463 414 522; x_wconf 88' lang='lat' dir='ltr'>sunt,</span> <span class='ocrx_word' id='word_1_26' title='bbox 439 455 487 526; x_wconf 84' lang='lat' dir='ltr'>qui</span> <span class='ocrx_word' id='word_1_27' title='bbox 510 455 544 512; x_wconf 91' lang='lat' dir='ltr'>do</span> <span class='ocrx_word' id='word_1_28' title='bbox 562 456 677 512; x_wconf 80' lang='lat' dir='ltr'>occultis</span> <span class='ocrx_word' id='word_1_29' title='bbox 704 457 737 512; x_wconf 87' lang='lat' dir='ltr'>ud</span> <span class='ocrx_word' id='word_1_30' title='bbox 754 471 837 528; x_wconf 87' lang='lat' dir='ltr'>opera</span> <span class='ocrx_word' id='word_1_31' title='bbox 861 471 909 510; x_wconf 85' lang='lat' dir='ltr'>sua</span> <span class='ocrx_word' id='word_1_32' title='bbox 960 455 1072 523; x_wconf 82' lang='lat' dir='ltr'>simum,</span> <span class='ocrx_word' id='word_1_33' title='bbox 1096 465 1124 511; x_wconf 94' lang='lat' dir='ltr'>ut</span> <span class='ocrx_word' id='word_1_34' title='bbox 1141 457 1194 512; x_wconf 89' lang='lat' dir='ltr'>sub</span> <span class='ocrx_word' id='word_1_35' title='bbox 1214 458 1320 526; x_wconf 88' lang='lat' dir='ltr'>labore,</span> <span class='ocrx_word' id='word_1_36' title='bbox 1350 467 1378 516; x_wconf 90' lang='lat' dir='ltr'>et</span> <span class='ocrx_word' id='word_1_37' title='bbox 1399 461 1490 519; x_wconf 87' lang='lat' dir='ltr'>fructu</span> <span class='ocrx_word' id='word_1_38' title='bbox 1504 463 1620 520; x_wconf 85' lang='lat' dir='ltr'>oliorum</span> <span class='ocrx_word' id='word_1_39' title='bbox 1647 466 1693 521; x_wconf 87' lang='lat' dir='ltr'>alii</span> <span class='ocrx_word' id='word_1_40' title='bbox 1718 482 1762 524; x_wconf 89' lang='lat' dir='ltr'>re-</span> 
     </span>
     <span class='ocr_line' id='line_1_4' title="bbox 138 545 1760 630; baseline 0.007 -24"><span class='ocrx_word' id='word_1_41' title='bbox 138 557 229 614; x_wconf 88' lang='lat' dir='ltr'>cxcunt,</span> <span class='ocrx_word' id='word_1_42' title='bbox 245 545 337 615; x_wconf 77' lang='lat' dir='ltr'>utique</span> <span class='ocrx_word' id='word_1_43' title='bbox 348 561 402 602; x_wconf 92' lang='lat' dir='ltr'>uon</span> <span class='ocrx_word' id='word_1_44' title='bbox 416 547 473 604; x_wconf 86' lang='lat' dir='ltr'>liei.</span> <span class='ocrx_word' id='word_1_45' title='bbox 961 548 1116 619; x_wconf 78' lang='lat' dir='ltr'>quiescant,</span> <span class='ocrx_word' id='word_1_46' title='bbox 1132 560 1160 606; x_wconf 91' lang='lat' dir='ltr'>et</span> <span class='ocrx_word' id='word_1_47' title='bbox 1184 549 1356 608; x_wconf 90' lang='lat' dir='ltr'>inebrientur</span> <span class='ocrx_word' id='word_1_48' title='bbox 1372 555 1439 610; x_wconf 89' lang='lat' dir='ltr'>vino</span> <span class='ocrx_word' id='word_1_49' title='bbox 1457 571 1553 613; x_wconf 89' lang='lat' dir='ltr'>eorum</span> <span class='ocrx_word' id='word_1_50' title='bbox 1566 559 1624 630; x_wconf 84' lang='lat' dir='ltr'>quui,</span> <span class='ocrx_word' id='word_1_51' title='bbox 1636 560 1760 617; x_wconf 70' lang='lat' dir='ltr'><strong>collectis</strong></span> 
     </span>
     <span class='ocr_line' id='line_1_5' title="bbox 165 640 1761 715; baseline 0.008 -18"><span class='ocrx_word' id='word_1_52' title='bbox 165 644 250 714; x_wconf 80' lang='lat' dir='ltr'>Agrum</span> <span class='ocrx_word' id='word_1_53' title='bbox 263 657 313 696; x_wconf 82' lang='lat' dir='ltr'>nour</span> <span class='ocrx_word' id='word_1_54' title='bbox 327 657 403 696; x_wconf 84' lang='lat' dir='ltr'>ertum</span> <span class='ocrx_word' id='word_1_55' title='bbox 415 640 558 713; x_wconf 78' lang='lat' dir='ltr'>denteleni,</span> <span class='ocrx_word' id='word_1_56' title='bbox 571 653 595 699; x_wconf 86' lang='lat' dir='ltr'>et</span> <span class='ocrx_word' id='word_1_57' title='bbox 610 643 712 699; x_wconf 81' lang='lat' dir='ltr'>tineent</span> <span class='ocrx_word' id='word_1_58' title='bbox 726 643 784 710; x_wconf 77' lang='lat' dir='ltr'>eina</span> <span class='ocrx_word' id='word_1_59' title='bbox 796 657 872 715; x_wconf 83' lang='lat' dir='ltr'>puerit</span> <span class='ocrx_word' id='word_1_60' title='bbox 885 641 911 697; x_wconf 87' lang='lat' dir='ltr'>oi</span> <span class='ocrx_word' id='word_1_61' title='bbox 960 641 1109 700; x_wconf 78' lang='lat' dir='ltr'>vindemiis</span> <span class='ocrx_word' id='word_1_62' title='bbox 1127 646 1196 711; x_wconf 87' lang='lat' dir='ltr'>suis,</span> <span class='ocrx_word' id='word_1_63' title='bbox 1215 645 1321 702; x_wconf 89' lang='lat' dir='ltr'>sitiunt.</span> <span class='ocrx_word' id='word_1_64' title='bbox 1337 646 1410 704; x_wconf 89' lang='lat' dir='ltr'>luter</span> <span class='ocrx_word' id='word_1_65' title='bbox 1424 664 1539 706; x_wconf 83' lang='lat' dir='ltr'>aceruos</span> <span class='ocrx_word' id='word_1_66' title='bbox 1563 667 1657 709; x_wconf 92' lang='lat' dir='ltr'>sorum</span> <span class='ocrx_word' id='word_1_67' title='bbox 1677 654 1761 711; x_wconf 89' lang='lat' dir='ltr'>meri·</span> 
     </span>
     <span class='ocr_line' id='line_1_6' title="bbox 136 732 1762 808; baseline 0.008 -18"><span class='ocrx_word' id='word_1_68' title='bbox 136 740 307 806; x_wconf 83' lang='lat' dir='ltr'>upprenerunt,</span> <span class='ocrx_word' id='word_1_69' title='bbox 317 732 489 788; x_wconf 75' lang='lat' dir='ltr'>vindemiam.</span> <span class='ocrx_word' id='word_1_70' title='bbox 501 735 584 806; x_wconf 78' lang='lat' dir='ltr'>Ager,</span> <span class='ocrx_word' id='word_1_71' title='bbox 601 734 660 791; x_wconf 82' lang='lat' dir='ltr'>sive</span> <span class='ocrx_word' id='word_1_72' title='bbox 674 735 763 798; x_wconf 85' lang='lat' dir='ltr'>uinea,</span> <span class='ocrx_word' id='word_1_73' title='bbox 780 734 911 790; x_wconf 90' lang='lat' dir='ltr'>uniuscu-</span> <span class='ocrx_word' id='word_1_74' title='bbox 960 733 1030 790; x_wconf 86' lang='lat' dir='ltr'>diali</span> <span class='ocrx_word' id='word_1_75' title='bbox 1042 742 1107 790; x_wconf 91' lang='lat' dir='ltr'>sunt</span> <span class='ocrx_word' id='word_1_76' title='bbox 1120 736 1179 808; x_wconf 85' lang='lat' dir='ltr'>qui,</span> <span class='ocrx_word' id='word_1_77' title='bbox 1189 737 1304 794; x_wconf 79' lang='lat' dir='ltr'>caleatis</span> <span class='ocrx_word' id='word_1_78' title='bbox 1315 739 1510 808; x_wconf 87' lang='lat' dir='ltr'>torcularibus,</span> <span class='ocrx_word' id='word_1_79' title='bbox 1520 741 1627 800; x_wconf 90' lang='lat' dir='ltr'>sitiunt.</span> <span class='ocrx_word' id='word_1_80' title='bbox 1641 745 1762 803; x_wconf 86' lang='lat' dir='ltr'>Sublatis</span> 
     </span>
     <span class='ocr_line' id='line_1_7' title="bbox 134 822 1763 904; baseline 0.009 -23"><span class='ocrx_word' id='word_1_81' title='bbox 134 826 217 899; x_wconf 80' lang='lat' dir='ltr'>jurgiae</span> <span class='ocrx_word' id='word_1_82' title='bbox 226 822 339 881; x_wconf 90' lang='lat' dir='ltr'>bominis</span> <span class='ocrx_word' id='word_1_83' title='bbox 352 823 465 896; x_wconf 83' lang='lat' dir='ltr'>qnidam</span> <span class='ocrx_word' id='word_1_84' title='bbox 475 825 572 882; x_wconf 90' lang='lat' dir='ltr'>modus</span> <span class='ocrx_word' id='word_1_85' title='bbox 583 828 646 883; x_wconf 85' lang='lat' dir='ltr'>uitae</span> <span class='ocrx_word' id='word_1_86' title='bbox 660 836 713 894; x_wconf 87' lang='lat' dir='ltr'>est,</span> <span class='ocrx_word' id='word_1_87' title='bbox 726 842 788 899; x_wconf 80' lang='lat' dir='ltr'>quaa</span> <span class='ocrx_word' id='word_1_88' title='bbox 798 827 832 883; x_wconf 89' lang='lat' dir='ltr'>ab</span> <span class='ocrx_word' id='word_1_89' title='bbox 844 842 911 882; x_wconf 93' lang='lat' dir='ltr'>uno-</span> <span class='ocrx_word' id='word_1_90' title='bbox 961 828 1044 902; x_wconf 88' lang='lat' dir='ltr'>igitur</span> <span class='ocrx_word' id='word_1_91' title='bbox 1058 829 1149 900; x_wconf 88' lang='lat' dir='ltr'>spicis,</span> <span class='ocrx_word' id='word_1_92' title='bbox 1166 846 1216 902; x_wconf 89' lang='lat' dir='ltr'>per</span> <span class='ocrx_word' id='word_1_93' title='bbox 1230 832 1344 904; x_wconf 82' lang='lat' dir='ltr'>bgoranr</span> <span class='ocrx_word' id='word_1_94' title='bbox 1360 835 1430 891; x_wconf 89' lang='lat' dir='ltr'>intra</span> <span class='ocrx_word' id='word_1_95' title='bbox 1445 851 1475 891; x_wconf 82' lang='lat' dir='ltr'>se</span> <span class='ocrx_word' id='word_1_96' title='bbox 1487 836 1570 893; x_wconf 86' lang='lat' dir='ltr'>diuini</span> <span class='ocrx_word' id='word_1_97' title='bbox 1584 839 1704 896; x_wconf 88' lang='lat' dir='ltr'>nominis</span> <span class='ocrx_word' id='word_1_98' title='bbox 1714 856 1763 897; x_wconf 89' lang='lat' dir='ltr'>no·</span> 
     </span>
     <span class='ocr_line' id='line_1_8' title="bbox 135 916 1765 1002; baseline 0.01 -28"><span class='ocrx_word' id='word_1_99' title='bbox 135 933 227 991; x_wconf 82' lang='lat' dir='ltr'>pungne</span> <span class='ocrx_word' id='word_1_100' title='bbox 242 916 356 987; x_wconf 85' lang='lat' dir='ltr'>colitur,</span> <span class='ocrx_word' id='word_1_101' title='bbox 375 919 484 989; x_wconf 81' lang='lat' dir='ltr'>quando</span> <span class='ocrx_word' id='word_1_102' title='bbox 501 919 598 977; x_wconf 89' lang='lat' dir='ltr'>sordes</span> <span class='ocrx_word' id='word_1_103' title='bbox 619 930 648 976; x_wconf 86' lang='lat' dir='ltr'>et</span> <span class='ocrx_word' id='word_1_104' title='bbox 667 920 777 991; x_wconf 83' lang='lat' dir='ltr'>guidam</span> <span class='ocrx_word' id='word_1_105' title='bbox 799 919 912 977; x_wconf 74' lang='lat' dir='ltr'>frutices</span> <span class='ocrx_word' id='word_1_106' title='bbox 963 921 1050 978; x_wconf 85' lang='lat' dir='ltr'>titium</span> <span class='ocrx_word' id='word_1_107' title='bbox 1063 923 1280 993; x_wconf 73' lang='lat' dir='ltr'>continentibus,</span> <span class='ocrx_word' id='word_1_108' title='bbox 1295 926 1404 998; x_wconf 84' lang='lat' dir='ltr'>quando</span> <span class='ocrx_word' id='word_1_109' title='bbox 1416 943 1450 982; x_wconf 90' lang='lat' dir='ltr'>ex</span> <span class='ocrx_word' id='word_1_110' title='bbox 1465 929 1505 985; x_wconf 89' lang='lat' dir='ltr'>eis</span> <span class='ocrx_word' id='word_1_111' title='bbox 1519 928 1549 985; x_wconf 82' lang='lat' dir='ltr'>tii</span> <span class='ocrx_word' id='word_1_112' title='bbox 1563 932 1608 1002; x_wconf 79' lang='lat' dir='ltr'>qui</span> <span class='ocrx_word' id='word_1_113' title='bbox 1624 932 1765 990; x_wconf 84' lang='lat' dir='ltr'>habebant</span> 
     </span>
     <span class='ocr_line' id='line_1_9' title="bbox 136 1013 1762 1090; baseline 0.01 -22"><span class='ocrx_word' id='word_1_114' title='bbox 136 1016 245 1072; x_wconf 85' lang='lat' dir='ltr'>uitiorum</span> <span class='ocrx_word' id='word_1_115' title='bbox 264 1013 441 1083; x_wconf 84' lang='lat' dir='ltr'>mundantur,</span> <span class='ocrx_word' id='word_1_116' title='bbox 456 1015 499 1073; x_wconf 86' lang='lat' dir='ltr'>uel</span> <span class='ocrx_word' id='word_1_117' title='bbox 520 1017 603 1072; x_wconf 87' lang='lat' dir='ltr'>etiarn</span> <span class='ocrx_word' id='word_1_118' title='bbox 627 1016 826 1090; x_wconf 76' lang='lat' dir='ltr'>exstirpantur.</span> <span class='ocrx_word' id='word_1_119' title='bbox 841 1015 911 1084; x_wconf 81' lang='lat' dir='ltr'>Quia</span> <span class='ocrx_word' id='word_1_120' title='bbox 962 1030 1011 1072; x_wconf 84' lang='lat' dir='ltr'>eas</span> <span class='ocrx_word' id='word_1_121' title='bbox 1027 1017 1108 1088; x_wconf 90' lang='lat' dir='ltr'>plena</span> <span class='ocrx_word' id='word_1_122' title='bbox 1123 1019 1299 1090; x_wconf 80' lang='lat' dir='ltr'>cogitatione,</span> <span class='ocrx_word' id='word_1_123' title='bbox 1321 1022 1437 1078; x_wconf 72' lang='lat' dir='ltr'>solidum</span> <span class='ocrx_word' id='word_1_124' title='bbox 1455 1023 1546 1080; x_wconf 85' lang='lat' dir='ltr'>cibutn</span> <span class='ocrx_word' id='word_1_125' title='bbox 1564 1027 1733 1084; x_wconf 84' lang='lat' dir='ltr'>conficerent</span> <span class='ocrx_word' id='word_1_126' title='bbox 1752 1047 1762 1083; x_wconf 73' lang='grc' dir='ltr'><strong><em>ε</em></strong></span> 
     </span>
     <span class='ocr_line' id='line_1_10' title="bbox 135 1109 1763 1189; baseline 0.004 -22"><span class='ocrx_word' id='word_1_127' title='bbox 135 1124 188 1181; x_wconf 87' lang='lat' dir='ltr'>ergo</span> <span class='ocrx_word' id='word_1_128' title='bbox 216 1109 293 1181; x_wconf 84' lang='lat' dir='ltr'>bujus</span> <span class='ocrx_word' id='word_1_129' title='bbox 319 1110 437 1167; x_wconf 84' lang='lat' dir='ltr'>culturas</span> <span class='ocrx_word' id='word_1_130' title='bbox 459 1110 603 1183; x_wconf 86' lang='lat' dir='ltr'>diligentia</span> <span class='ocrx_word' id='word_1_131' title='bbox 636 1109 748 1168; x_wconf 91' lang='lat' dir='ltr'>minirne</span> <span class='ocrx_word' id='word_1_132' title='bbox 774 1109 911 1182; x_wconf 90' lang='lat' dir='ltr'>prodest,</span> <span class='ocrx_word' id='word_1_133' title='bbox 963 1109 1124 1166; x_wconf 86' lang='lat' dir='ltr'>seductores</span> <span class='ocrx_word' id='word_1_134' title='bbox 1147 1112 1259 1168; x_wconf 83' lang='lat' dir='ltr'>uiolenti</span> <span class='ocrx_word' id='word_1_135' title='bbox 1279 1113 1350 1168; x_wconf 88' lang='lat' dir='ltr'>inter</span> <span class='ocrx_word' id='word_1_136' title='bbox 1371 1114 1442 1170; x_wconf 87' lang='lat' dir='ltr'>bonu</span> <span class='ocrx_word' id='word_1_137' title='bbox 1463 1131 1560 1172; x_wconf 78' lang='lat' dir='ltr'>carrum</span> <span class='ocrx_word' id='word_1_138' title='bbox 1581 1133 1665 1189; x_wconf 88' lang='lat' dir='ltr'>opera</span> <span class='ocrx_word' id='word_1_139' title='bbox 1686 1121 1763 1189; x_wconf 71' lang='lat' dir='ltr'>«irrasi</span> 
     </span>
     <span class='ocr_line' id='line_1_11' title="bbox 135 1202 1764 1278; baseline 0.003 -18"><span class='ocrx_word' id='word_1_140' title='bbox 135 1203 229 1276; x_wconf 81' lang='lat' dir='ltr'>quando</span> <span class='ocrx_word' id='word_1_141' title='bbox 249 1202 451 1260; x_wconf 87' lang='lat' dir='ltr'>omnebonum</span> <span class='ocrx_word' id='word_1_142' title='bbox 477 1214 586 1261; x_wconf 76' lang='lat' dir='ltr'>naturae</span> <span class='ocrx_word' id='word_1_143' title='bbox 602 1219 656 1260; x_wconf 91' lang='lat' dir='ltr'>uon</span> <span class='ocrx_word' id='word_1_144' title='bbox 678 1203 712 1260; x_wconf 87' lang='lat' dir='ltr'>ad</span> <span class='ocrx_word' id='word_1_145' title='bbox 730 1203 809 1260; x_wconf 88' lang='lat' dir='ltr'>fidem</span> <span class='ocrx_word' id='word_1_146' title='bbox 826 1202 913 1258; x_wconf 89' lang='lat' dir='ltr'>refer·</span> <span class='ocrx_word' id='word_1_147' title='bbox 963 1202 1037 1258; x_wconf 87' lang='lat' dir='ltr'>iuter</span> <span class='ocrx_word' id='word_1_148' title='bbox 1061 1219 1176 1260; x_wconf 84' lang='lat' dir='ltr'>aceruos</span> <span class='ocrx_word' id='word_1_149' title='bbox 1200 1205 1350 1276; x_wconf 71' lang='lat' dir='ltr'>gloriantes</span> <span class='ocrx_word' id='word_1_150' title='bbox 1371 1207 1560 1277; x_wconf 74' lang='lat' dir='ltr'>rcrguiescunt,</span> <span class='ocrx_word' id='word_1_151' title='bbox 1584 1211 1692 1278; x_wconf 80' lang='lat' dir='ltr'>siliinuo</span> <span class='ocrx_word' id='word_1_152' title='bbox 1713 1213 1764 1267; x_wconf 88' lang='lat' dir='ltr'>tri·</span> 
     </span>
     <span class='ocr_line' id='line_1_12' title="bbox 135 1292 1766 1372; baseline 0.005 -22"><span class='ocrx_word' id='word_1_153' title='bbox 135 1303 185 1351; x_wconf 91' lang='lat' dir='ltr'>tur:</span> <span class='ocrx_word' id='word_1_154' title='bbox 197 1295 352 1367; x_wconf 80' lang='lat' dir='ltr'>quiujuetue</span> <span class='ocrx_word' id='word_1_155' title='bbox 364 1311 397 1351; x_wconf 83' lang='lat' dir='ltr'>eu</span> <span class='ocrx_word' id='word_1_156' title='bbox 416 1294 552 1364; x_wconf 66' lang='lat' dir='ltr'>fidentii:</span> <span class='ocrx_word' id='word_1_157' title='bbox 567 1295 689 1366; x_wconf 77' lang='lat' dir='ltr'>predicti</span> <span class='ocrx_word' id='word_1_158' title='bbox 704 1295 839 1352; x_wconf 89' lang='lat' dir='ltr'>idolorum</span> <span class='ocrx_word' id='word_1_159' title='bbox 855 1292 913 1350; x_wconf 91' lang='lat' dir='ltr'>cul·</span> <span class='ocrx_word' id='word_1_160' title='bbox 964 1297 1061 1353; x_wconf 89' lang='lat' dir='ltr'>buoni.</span> <span class='ocrx_word' id='word_1_161' title='bbox 1078 1299 1106 1354; x_wconf 89' lang='lat' dir='ltr'>Si</span> <span class='ocrx_word' id='word_1_162' title='bbox 1118 1300 1178 1368; x_wconf 78' lang='lat' dir='ltr'>giris</span> <span class='ocrx_word' id='word_1_163' title='bbox 1190 1301 1334 1372; x_wconf 87' lang='lat' dir='ltr'>gentilium</span> <span class='ocrx_word' id='word_1_164' title='bbox 1355 1301 1470 1357; x_wconf 86' lang='lat' dir='ltr'>uirtaucs</span> <span class='ocrx_word' id='word_1_165' title='bbox 1489 1310 1600 1358; x_wconf 80' lang='lat' dir='ltr'>secutus</span> <span class='ocrx_word' id='word_1_166' title='bbox 1616 1305 1697 1360; x_wconf 84' lang='lat' dir='ltr'>iuuerit</span> <span class='ocrx_word' id='word_1_167' title='bbox 1718 1323 1766 1360; x_wconf 84' lang='lat' dir='ltr'>na-</span> 
     </span>
     <span class='ocr_line' id='line_1_13' title="bbox 134 1387 1765 1466; baseline 0.005 -20"><span class='ocrx_word' id='word_1_168' title='bbox 134 1399 197 1447; x_wconf 86' lang='lat' dir='ltr'>tones</span> <span class='ocrx_word' id='word_1_169' title='bbox 217 1391 403 1462; x_wconf 87' lang='lat' dir='ltr'>opprimentes</span> <span class='ocrx_word' id='word_1_170' title='bbox 426 1389 564 1456; x_wconf 88' lang='lat' dir='ltr'>fidelium,</span> <span class='ocrx_word' id='word_1_171' title='bbox 589 1388 714 1461; x_wconf 82' lang='lat' dir='ltr'>quamuis</span> <span class='ocrx_word' id='word_1_172' title='bbox 737 1388 851 1445; x_wconf 83' lang='lat' dir='ltr'>borieste</span> <span class='ocrx_word' id='word_1_173' title='bbox 874 1387 914 1442; x_wconf 86' lang='lat' dir='ltr'>ui·</span> <span class='ocrx_word' id='word_1_174' title='bbox 965 1391 1078 1458; x_wconf 89' lang='lat' dir='ltr'>turales,</span> <span class='ocrx_word' id='word_1_175' title='bbox 1095 1392 1245 1464; x_wconf 81' lang='lat' dir='ltr'>dequibus</span> <span class='ocrx_word' id='word_1_176' title='bbox 1267 1402 1405 1464; x_wconf 80' lang='lat' dir='ltr'>tanlquam</span> <span class='ocrx_word' id='word_1_177' title='bbox 1426 1394 1590 1463; x_wconf 88' lang='lat' dir='ltr'>seminibus,</span> <span class='ocrx_word' id='word_1_178' title='bbox 1608 1400 1635 1452; x_wconf 92' lang='lat' dir='ltr'>in</span> <span class='ocrx_word' id='word_1_179' title='bbox 1650 1415 1681 1454; x_wconf 83' lang='lat' dir='ltr'>se</span> <span class='ocrx_word' id='word_1_180' title='bbox 1697 1415 1765 1466; x_wconf 84' lang='lat' dir='ltr'>opo-</span> 
     </span>
     <span class='ocr_line' id='line_1_14' title="bbox 133 1481 1766 1556; baseline 0.002 -14"><span class='ocrx_word' id='word_1_181' title='bbox 133 1485 248 1552; x_wconf 88' lang='lat' dir='ltr'>rentium,</span> <span class='ocrx_word' id='word_1_182' title='bbox 262 1485 347 1542; x_wconf 85' lang='lat' dir='ltr'>corda</span> <span class='ocrx_word' id='word_1_183' title='bbox 357 1499 405 1542; x_wconf 73' lang='lat' dir='ltr'>eoa</span> <span class='ocrx_word' id='word_1_184' title='bbox 416 1485 489 1540; x_wconf 84' lang='lat' dir='ltr'>uelut</span> <span class='ocrx_word' id='word_1_185' title='bbox 499 1483 616 1556; x_wconf 81' lang='lat' dir='ltr'>quadarn</span> <span class='ocrx_word' id='word_1_186' title='bbox 629 1483 734 1539; x_wconf 88' lang='lat' dir='ltr'>ratione</span> <span class='ocrx_word' id='word_1_187' title='bbox 747 1481 914 1539; x_wconf 80' lang='lat' dir='ltr'>seductionis</span> <span class='ocrx_word' id='word_1_188' title='bbox 964 1497 1025 1538; x_wconf 88' lang='lat' dir='ltr'>rum</span> <span class='ocrx_word' id='word_1_189' title='bbox 1042 1498 1159 1540; x_wconf 84' lang='lat' dir='ltr'>acervos</span> <span class='ocrx_word' id='word_1_190' title='bbox 1172 1485 1322 1541; x_wconf 87' lang='lat' dir='ltr'>constituat</span> <span class='ocrx_word' id='word_1_191' title='bbox 1340 1502 1347 1540; x_wconf 92' lang='lat'>:</span> <span class='ocrx_word' id='word_1_192' title='bbox 1362 1485 1413 1556; x_wconf 84' lang='lat' dir='ltr'>ipsi</span> <span class='ocrx_word' id='word_1_193' title='bbox 1427 1495 1517 1541; x_wconf 87' lang='lat' dir='ltr'>tamen</span> <span class='ocrx_word' id='word_1_194' title='bbox 1527 1488 1646 1554; x_wconf 76' lang='lat' dir='ltr'>seducti,</span> <span class='ocrx_word' id='word_1_195' title='bbox 1661 1491 1766 1546; x_wconf 80' lang='lat' dir='ltr'>ealcata</span> 
     </span>
     <span class='ocr_line' id='line_1_15' title="bbox 133 1575 1767 1653; baseline 0.002 -17"><span class='ocrx_word' id='word_1_196' title='bbox 133 1581 155 1636; x_wconf 93' lang='lat' dir='ltr'>in</span> <span class='ocrx_word' id='word_1_197' title='bbox 169 1595 281 1638; x_wconf 86' lang='lat' dir='ltr'>errorem</span> <span class='ocrx_word' id='word_1_198' title='bbox 296 1580 430 1638; x_wconf 85' lang='lat' dir='ltr'>inducunt</span> <span class='ocrx_word' id='word_1_199' title='bbox 441 1581 523 1637; x_wconf 86' lang='lat' dir='ltr'>:duni</span> <span class='ocrx_word' id='word_1_200' title='bbox 535 1579 613 1652; x_wconf 85' lang='lat' dir='ltr'>quusi</span> <span class='ocrx_word' id='word_1_201' title='bbox 624 1595 720 1652; x_wconf 91' lang='lat' dir='ltr'>agrum</span> <span class='ocrx_word' id='word_1_202' title='bbox 732 1593 841 1644; x_wconf 91' lang='lat' dir='ltr'>eorum,</span> <span class='ocrx_word' id='word_1_203' title='bbox 857 1577 915 1634; x_wconf 86' lang='lat' dir='ltr'>sive</span> <span class='ocrx_word' id='word_1_204' title='bbox 966 1575 1096 1633; x_wconf 84' lang='lat' dir='ltr'>uirtutum</span> <span class='ocrx_word' id='word_1_205' title='bbox 1111 1577 1260 1646; x_wconf 81' lang='lat' dir='ltr'>vindemia,</span> <span class='ocrx_word' id='word_1_206' title='bbox 1276 1589 1305 1635; x_wconf 92' lang='lat' dir='ltr'>et</span> <span class='ocrx_word' id='word_1_207' title='bbox 1320 1595 1461 1651; x_wconf 84' lang='lat' dir='ltr'>expressa,</span> <span class='ocrx_word' id='word_1_208' title='bbox 1484 1581 1580 1639; x_wconf 89' lang='lat' dir='ltr'>sitiunt</span> <span class='ocrx_word' id='word_1_209' title='bbox 1594 1602 1601 1636; x_wconf 91' lang='lat'><strong>:</strong></span> <span class='ocrx_word' id='word_1_210' title='bbox 1616 1585 1680 1653; x_wconf 83' lang='lat' dir='ltr'>ouria</span> <span class='ocrx_word' id='word_1_211' title='bbox 1694 1584 1767 1640; x_wconf 87' lang='lat' dir='ltr'>ueri·</span> 
     </span>
     <span class='ocr_line' id='line_1_16' title="bbox 132 1670 1768 1748; baseline 0.002 -19"><span class='ocrx_word' id='word_1_212' title='bbox 132 1674 235 1742; x_wconf 75' lang='lat' dir='ltr'>niumm,</span> <span class='ocrx_word' id='word_1_213' title='bbox 258 1673 419 1748; x_wconf 84' lang='lat' dir='ltr'>dissipando</span> <span class='ocrx_word' id='word_1_214' title='bbox 440 1673 532 1746; x_wconf 89' lang='lat' dir='ltr'>fruges</span> <span class='ocrx_word' id='word_1_215' title='bbox 554 1689 661 1743; x_wconf 87' lang='lat' dir='ltr'>eorum,</span> <span class='ocrx_word' id='word_1_216' title='bbox 683 1672 819 1730; x_wconf 87' lang='lat' dir='ltr'>violenter</span> <span class='ocrx_word' id='word_1_217' title='bbox 840 1670 914 1728; x_wconf 89' lang='lat' dir='ltr'>abri-</span> <span class='ocrx_word' id='word_1_218' title='bbox 967 1670 1167 1742; x_wconf 86' lang='lat' dir='ltr'>tatispoculum</span> <span class='ocrx_word' id='word_1_219' title='bbox 1183 1673 1256 1744; x_wconf 87' lang='lat' dir='ltr'>apud</span> <span class='ocrx_word' id='word_1_220' title='bbox 1271 1688 1330 1742; x_wconf 91' lang='lat' dir='ltr'>eos,</span> <span class='ocrx_word' id='word_1_221' title='bbox 1345 1689 1361 1730; x_wconf 88' lang='lat' dir='ltr'>a</span> <span class='ocrx_word' id='word_1_222' title='bbox 1374 1674 1475 1746; x_wconf 83' lang='lat' dir='ltr'>quibus</span> <span class='ocrx_word' id='word_1_223' title='bbox 1486 1676 1513 1732; x_wconf 94' lang='lat' dir='ltr'>in</span> <span class='ocrx_word' id='word_1_224' title='bbox 1526 1690 1625 1732; x_wconf 88' lang='lat' dir='ltr'>errore</span> <span class='ocrx_word' id='word_1_225' title='bbox 1638 1677 1768 1734; x_wconf 85' lang='lat' dir='ltr'>abstracti</span> 
     </span>
     <span class='ocr_line' id='line_1_17' title="bbox 132 1752 1303 1840; baseline 0.002 -18"><span class='ocrx_word' id='word_1_226' title='bbox 132 1769 207 1840; x_wconf 85' lang='lat' dir='ltr'>piuut.</span> <span class='ocrx_word' id='word_1_227' title='bbox 928 1752 953 1814; x_wconf 83' lang='grc' dir='ltr'><strong>Β</strong></span> <span class='ocrx_word' id='word_1_228' title='bbox 967 1774 1042 1831; x_wconf 89' lang='lat' dir='ltr'>sunt,</span> <span class='ocrx_word' id='word_1_229' title='bbox 1056 1781 1111 1821; x_wconf 90' lang='lat' dir='ltr'>non</span> <span class='ocrx_word' id='word_1_230' title='bbox 1128 1767 1303 1824; x_wconf 84' lang='lat' dir='ltr'>inuenerunt.</span> 
     </span>
     <span class='ocr_line' id='line_1_18' title="bbox 161 1854 1767 1935; baseline 0.005 -19"><span class='ocrx_word' id='word_1_231' title='bbox 161 1858 914 1929; x_wconf 79' lang='lat' dir='ltr'>Nudosciinurdintittuutltominea,indurueniotolleutea.</span> <span class='ocrx_word' id='word_1_232' title='bbox 1002 1854 1043 1913; x_wconf 84' lang='lat' dir='ltr'>De</span> <span class='ocrx_word' id='word_1_233' title='bbox 1068 1859 1216 1916; x_wconf 84' lang='lat' dir='ltr'>ciuitatibus</span> <span class='ocrx_word' id='word_1_234' title='bbox 1239 1861 1355 1933; x_wconf 80' lang='lat' dir='ltr'>feceramt</span> <span class='ocrx_word' id='word_1_235' title='bbox 1377 1863 1446 1919; x_wconf 80' lang='lat' dir='ltr'>uiros</span> <span class='ocrx_word' id='word_1_236' title='bbox 1460 1881 1570 1935; x_wconf 80' lang='lat' dir='ltr'>gemere.</span> <span class='ocrx_word' id='word_1_237' title='bbox 1592 1866 1651 1922; x_wconf 85' lang='lat' dir='ltr'>Non</span> <span class='ocrx_word' id='word_1_238' title='bbox 1665 1868 1767 1931; x_wconf 88' lang='lat' dir='ltr'>solum,</span> 
     </span>
     <span class='ocr_line' id='line_1_19' title="bbox 132 1951 1770 2031; baseline 0.002 -19"><span class='ocrx_word' id='word_1_239' title='bbox 132 1955 189 2012; x_wconf 81' lang='lat' dir='ltr'>Duru</span> <span class='ocrx_word' id='word_1_240' title='bbox 204 1971 251 2014; x_wconf 87' lang='lat' dir='ltr'>eos</span> <span class='ocrx_word' id='word_1_241' title='bbox 265 1957 401 2028; x_wconf 85' lang='lat' dir='ltr'>operibus</span> <span class='ocrx_word' id='word_1_242' title='bbox 413 1956 494 2020; x_wconf 80' lang='lat' dir='ltr'>bonis</span> <span class='ocrx_word' id='word_1_243' title='bbox 507 1955 673 2024; x_wconf 80' lang='lat' dir='ltr'>exspoliant.</span> <span class='ocrx_word' id='word_1_244' title='bbox 967 1951 1066 2023; x_wconf 80' lang='lat' dir='ltr'>inignit,</span> <span class='ocrx_word' id='word_1_245' title='bbox 1082 1953 1146 2009; x_wconf 84' lang='lat' dir='ltr'>illos</span> <span class='ocrx_word' id='word_1_246' title='bbox 1158 1955 1205 2025; x_wconf 80' lang='lat' dir='ltr'>gui</span> <span class='ocrx_word' id='word_1_247' title='bbox 1219 1955 1280 2012; x_wconf 89' lang='lat' dir='ltr'>sine</span> <span class='ocrx_word' id='word_1_248' title='bbox 1295 1956 1444 2012; x_wconf 85' lang='lat' dir='ltr'>munimina</span> <span class='ocrx_word' id='word_1_249' title='bbox 1461 1956 1727 2031; x_wconf 83' lang='lat' dir='ltr'>lualiitantspolianr,</span> <span class='ocrx_word' id='word_1_250' title='bbox 1742 1971 1770 2018; x_wconf 88' lang='lat' dir='ltr'>et</span> 
     </span>
     <span class='ocr_line' id='line_1_20' title="bbox 162 2042 1769 2126; baseline 0.002 -22"><span class='ocrx_word' id='word_1_251' title='bbox 162 2049 254 2118; x_wconf 78' lang='lat' dir='ltr'>Quidue</span> <span class='ocrx_word' id='word_1_252' title='bbox 267 2068 322 2107; x_wconf 89' lang='lat' dir='ltr'>non</span> <span class='ocrx_word' id='word_1_253' title='bbox 333 2061 370 2108; x_wconf 84' lang='lat' dir='ltr'>eet</span> <span class='ocrx_word' id='word_1_254' title='bbox 385 2052 575 2122; x_wconf 74' lang='lat' dir='ltr'>operimentum</span> <span class='ocrx_word' id='word_1_255' title='bbox 589 2049 737 2124; x_wconf 79' lang='lat' dir='ltr'>infrigere.</span> <span class='ocrx_word' id='word_1_256' title='bbox 749 2047 917 2118; x_wconf 87' lang='lat' dir='ltr'>lllosutique</span> <span class='ocrx_word' id='word_1_257' title='bbox 967 2042 1107 2101; x_wconf 88' lang='lat' dir='ltr'>dominatu</span> <span class='ocrx_word' id='word_1_258' title='bbox 1121 2046 1197 2102; x_wconf 81' lang='lat' dir='ltr'>durae</span> <span class='ocrx_word' id='word_1_259' title='bbox 1209 2049 1411 2118; x_wconf 87' lang='lat' dir='ltr'>superstitionis</span> <span class='ocrx_word' id='word_1_260' title='bbox 1423 2049 1550 2126; x_wconf 82' lang='lat' dir='ltr'>affligunt</span> <span class='ocrx_word' id='word_1_261' title='bbox 1560 2069 1567 2108; x_wconf 85' lang='grc' dir='ltr'>ι</span> <span class='ocrx_word' id='word_1_262' title='bbox 1578 2069 1672 2108; x_wconf 83' lang='lat' dir='ltr'>uernam</span> <span class='ocrx_word' id='word_1_263' title='bbox 1687 2054 1769 2109; x_wconf 77' lang='lat' dir='ltr'>etiaim</span> 
     </span>
     <span class='ocr_line' id='line_1_21' title="bbox 132 2138 1770 2217; baseline 0.002 -17"><span class='ocrx_word' id='word_1_264' title='bbox 132 2145 283 2215; x_wconf 77' lang='lat' dir='ltr'>empuliant,</span> <span class='ocrx_word' id='word_1_265' title='bbox 300 2146 346 2217; x_wconf 82' lang='lat' dir='ltr'>gui</span> <span class='ocrx_word' id='word_1_266' title='bbox 361 2143 502 2201; x_wconf 68' lang='lat' dir='ltr'>charitatis·</span> <span class='ocrx_word' id='word_1_267' title='bbox 518 2144 569 2200; x_wconf 82' lang='lat' dir='ltr'>liei</span> <span class='ocrx_word' id='word_1_268' title='bbox 583 2158 636 2199; x_wconf 82' lang='lat' dir='ltr'>iton</span> <span class='ocrx_word' id='word_1_269' title='bbox 653 2142 756 2200; x_wconf 88' lang='lat' dir='ltr'>babent</span> <span class='ocrx_word' id='word_1_270' title='bbox 769 2141 918 2197; x_wconf 83' lang='lat' dir='ltr'>uestimen-</span> <span class='ocrx_word' id='word_1_271' title='bbox 967 2149 994 2194; x_wconf 92' lang='lat' dir='ltr'>et</span> <span class='ocrx_word' id='word_1_272' title='bbox 1009 2153 1059 2194; x_wconf 87' lang='lat' dir='ltr'>eos</span> <span class='ocrx_word' id='word_1_273' title='bbox 1072 2139 1119 2210; x_wconf 79' lang='lat' dir='ltr'>gui</span> <span class='ocrx_word' id='word_1_274' title='bbox 1133 2138 1258 2197; x_wconf 80' lang='lat' dir='ltr'>civitaten</span> <span class='ocrx_word' id='word_1_275' title='bbox 1275 2141 1409 2199; x_wconf 86' lang='lat' dir='ltr'>mentium</span> <span class='ocrx_word' id='word_1_276' title='bbox 1422 2159 1533 2199; x_wconf 77' lang='lat' dir='ltr'>suarum</span> <span class='ocrx_word' id='word_1_277' title='bbox 1551 2145 1631 2203; x_wconf 89' lang='lat' dir='ltr'>bonis</span> <span class='ocrx_word' id='word_1_278' title='bbox 1646 2147 1770 2203; x_wconf 78' lang='lat' dir='ltr'>osoribus</span> 
     </span>
     <span class='ocr_line' id='line_1_22' title="bbox 132 2231 1771 2308; baseline 0.002 -16"><span class='ocrx_word' id='word_1_279' title='bbox 132 2243 189 2303; x_wconf 91' lang='lat' dir='ltr'>lum,</span> <span class='ocrx_word' id='word_1_280' title='bbox 203 2247 230 2294; x_wconf 90' lang='lat' dir='ltr'>et</span> <span class='ocrx_word' id='word_1_281' title='bbox 248 2237 357 2294; x_wconf 86' lang='lat' dir='ltr'>idcirco</span> <span class='ocrx_word' id='word_1_282' title='bbox 370 2238 397 2292; x_wconf 92' lang='lat' dir='ltr'>in</span> <span class='ocrx_word' id='word_1_283' title='bbox 413 2235 575 2293; x_wconf 88' lang='lat' dir='ltr'>infidelitate</span> <span class='ocrx_word' id='word_1_284' title='bbox 596 2235 710 2308; x_wconf 90' lang='lat' dir='ltr'>uigent:</span> <span class='ocrx_word' id='word_1_285' title='bbox 733 2235 796 2305; x_wconf 82' lang='lat' dir='ltr'>quin</span> <span class='ocrx_word' id='word_1_286' title='bbox 806 2233 918 2306; x_wconf 89' lang='lat' dir='ltr'>spiritus</span> <span class='ocrx_word' id='word_1_287' title='bbox 968 2237 1087 2288; x_wconf 81' lang='lat' dir='ltr'>inunitae</span> <span class='ocrx_word' id='word_1_288' title='bbox 1097 2231 1259 2302; x_wconf 78' lang='lat' dir='ltr'>irritabitant,</span> <span class='ocrx_word' id='word_1_289' title='bbox 1274 2235 1552 2308; x_wconf 85' lang='lat' dir='ltr'>pugnandocrrorum</span> <span class='ocrx_word' id='word_1_290' title='bbox 1567 2239 1771 2296; x_wconf 78' lang='lat' dir='ltr'>arietibussub-</span> 
     </span>
     <span class='ocr_line' id='line_1_23' title="bbox 131 2326 1772 2404; baseline 0.003 -20"><span class='ocrx_word' id='word_1_291' title='bbox 131 2328 248 2388; x_wconf 85' lang='lat' dir='ltr'>ferreolis</span> <span class='ocrx_word' id='word_1_292' title='bbox 261 2331 355 2388; x_wconf 85' lang='lat' dir='ltr'>tunica</span> <span class='ocrx_word' id='word_1_293' title='bbox 369 2330 447 2388; x_wconf 91' lang='lat' dir='ltr'>indui</span> <span class='ocrx_word' id='word_1_294' title='bbox 462 2346 517 2387; x_wconf 88' lang='lat' dir='ltr'>nnn</span> <span class='ocrx_word' id='word_1_295' title='bbox 528 2341 678 2388; x_wconf 90' lang='lat' dir='ltr'>merentur.</span> <span class='ocrx_word' id='word_1_296' title='bbox 966 2334 1061 2382; x_wconf 89' lang='lat' dir='ltr'>ruunt.</span> <span class='ocrx_word' id='word_1_297' title='bbox 1081 2326 1311 2394; x_wconf 66' lang='lat' dir='ltr'>obsideamini</span> <span class='ocrx_word' id='word_1_298' title='bbox 1325 2329 1496 2400; x_wconf 76' lang='lat' dir='ltr'>pbilosophis</span> <span class='ocrx_word' id='word_1_299' title='bbox 1516 2335 1664 2404; x_wconf 76' lang='lat' dir='ltr'>contigisse</span> <span class='ocrx_word' id='word_1_300' title='bbox 1685 2335 1772 2390; x_wconf 74' lang='lat' dir='ltr'>aaroni·</span> 
     </span>
     <span class='ocr_line' id='line_1_24' title="bbox 160 2418 1771 2501; baseline 0.003 -21"><span class='ocrx_word' id='word_1_301' title='bbox 160 2423 226 2492; x_wconf 79' lang='lat' dir='ltr'>Quee</span> <span class='ocrx_word' id='word_1_302' title='bbox 245 2427 344 2482; x_wconf 84' lang='lat' dir='ltr'>imbres</span> <span class='ocrx_word' id='word_1_303' title='bbox 357 2425 484 2482; x_wconf 86' lang='lat' dir='ltr'>montium</span> <span class='ocrx_word' id='word_1_304' title='bbox 500 2427 598 2501; x_wconf 83' lang='lat' dir='ltr'>ripum.</span> <span class='ocrx_word' id='word_1_305' title='bbox 612 2423 669 2481; x_wconf 87' lang='lat' dir='ltr'>ilos</span> <span class='ocrx_word' id='word_1_306' title='bbox 681 2437 748 2494; x_wconf 92' lang='lat' dir='ltr'>ergo</span> <span class='ocrx_word' id='word_1_307' title='bbox 768 2437 816 2489; x_wconf 86' lang='lat' dir='ltr'>per</span> <span class='ocrx_word' id='word_1_308' title='bbox 836 2419 919 2477; x_wconf 88' lang='lat' dir='ltr'>mise·</span> <span class='ocrx_word' id='word_1_309' title='bbox 968 2418 1070 2476; x_wconf 90' lang='lat' dir='ltr'>festum</span> <span class='ocrx_word' id='word_1_310' title='bbox 1083 2429 1125 2477; x_wconf 88' lang='lat' dir='ltr'>est</span> <span class='ocrx_word' id='word_1_311' title='bbox 1138 2434 1147 2475; x_wconf 80' lang='lat' dir='ltr'>a</span> <span class='ocrx_word' id='word_1_312' title='bbox 1162 2423 1207 2494; x_wconf 81' lang='lat' dir='ltr'>qni</span> <span class='ocrx_word' id='word_1_313' title='bbox 1220 2438 1282 2479; x_wconf 92' lang='lat' dir='ltr'>cum</span> <span class='ocrx_word' id='word_1_314' title='bbox 1296 2425 1389 2496; x_wconf 88' lang='lat' dir='ltr'>magni</span> <span class='ocrx_word' id='word_1_315' title='bbox 1405 2435 1433 2481; x_wconf 91' lang='lat' dir='ltr'>et</span> <span class='ocrx_word' id='word_1_316' title='bbox 1448 2425 1515 2481; x_wconf 88' lang='lat' dir='ltr'>clari</span> <span class='ocrx_word' id='word_1_317' title='bbox 1538 2427 1610 2482; x_wconf 90' lang='lat' dir='ltr'>circa</span> <span class='ocrx_word' id='word_1_318' title='bbox 1624 2444 1771 2501; x_wconf 81' lang='lat' dir='ltr'>corporum</span> 
     </span>
     <span class='ocr_line' id='line_1_25' title="bbox 130 2513 1773 2592; baseline 0.005 -20"><span class='ocrx_word' id='word_1_319' title='bbox 130 2516 189 2574; x_wconf 82' lang='lat' dir='ltr'>uiant</span> <span class='ocrx_word' id='word_1_320' title='bbox 201 2518 352 2576; x_wconf 87' lang='lat' dir='ltr'>destitutos</span> <span class='ocrx_word' id='word_1_321' title='bbox 363 2518 491 2576; x_wconf 88' lang='lat' dir='ltr'>domibus</span> <span class='ocrx_word' id='word_1_322' title='bbox 506 2519 564 2575; x_wconf 85' lang='lat' dir='ltr'>suis</span> <span class='ocrx_word' id='word_1_323' title='bbox 583 2516 649 2572; x_wconf 87' lang='lat' dir='ltr'>dicit</span> <span class='ocrx_word' id='word_1_324' title='bbox 672 2533 678 2570; x_wconf 94' lang='lat'>:</span> <span class='ocrx_word' id='word_1_325' title='bbox 699 2513 918 2586; x_wconf 81' lang='lat' dir='ltr'>quandoquidem</span> <span class='ocrx_word' id='word_1_326' title='bbox 969 2527 1084 2570; x_wconf 88' lang='lat' dir='ltr'>suorum</span> <span class='ocrx_word' id='word_1_327' title='bbox 1100 2513 1203 2572; x_wconf 87' lang='lat' dir='ltr'>fuerint</span> <span class='ocrx_word' id='word_1_328' title='bbox 1216 2517 1424 2586; x_wconf 86' lang='lat' dir='ltr'>continentiam,</span> <span class='ocrx_word' id='word_1_329' title='bbox 1446 2533 1508 2574; x_wconf 90' lang='lat' dir='ltr'>cum</span> <span class='ocrx_word' id='word_1_330' title='bbox 1519 2520 1623 2592; x_wconf 91' lang='lat' dir='ltr'>gemitu</span> <span class='ocrx_word' id='word_1_331' title='bbox 1637 2534 1729 2579; x_wconf 87' lang='lat' dir='ltr'>tnmcn</span> <span class='ocrx_word' id='word_1_332' title='bbox 1743 2535 1773 2582; x_wconf 95' lang='lat' dir='ltr'>et</span> 
     </span>
     <span class='ocr_line' id='line_1_26' title="bbox 128 2604 1773 2682; baseline 0.003 -15"><span class='ocrx_word' id='word_1_333' title='bbox 128 2608 919 2682; x_wconf 82' lang='lat' dir='ltr'>sosmoutiumearernis,etumbraculisoperiet,etqnunta</span> <span class='ocrx_word' id='word_1_334' title='bbox 970 2604 1069 2662; x_wconf 89' lang='lat' dir='ltr'>labore</span> <span class='ocrx_word' id='word_1_335' title='bbox 1095 2606 1180 2663; x_wconf 90' lang='lat' dir='ltr'>nimio</span> <span class='ocrx_word' id='word_1_336' title='bbox 1206 2607 1241 2664; x_wconf 88' lang='lat' dir='ltr'>ad</span> <span class='ocrx_word' id='word_1_337' title='bbox 1261 2609 1386 2666; x_wconf 82' lang='lat' dir='ltr'>ueritatis</span> <span class='ocrx_word' id='word_1_338' title='bbox 1405 2611 1531 2666; x_wconf 89' lang='lat' dir='ltr'>notitiam</span> <span class='ocrx_word' id='word_1_339' title='bbox 1554 2613 1695 2682; x_wconf 86' lang='lat' dir='ltr'>peruenire</span> <span class='ocrx_word' id='word_1_340' title='bbox 1719 2631 1773 2672; x_wconf 89' lang='lat' dir='ltr'>non</span> 
     </span>
     <span class='ocr_line' id='line_1_27' title="bbox 128 2700 1128 2778; baseline -0.003 -20"><span class='ocrx_word' id='word_1_341' title='bbox 128 2703 159 2758; x_wconf 88' lang='lat' dir='ltr'>sit</span> <span class='ocrx_word' id='word_1_342' title='bbox 180 2705 219 2760; x_wconf 88' lang='lat' dir='ltr'>eis</span> <span class='ocrx_word' id='word_1_343' title='bbox 239 2708 266 2761; x_wconf 92' lang='lat' dir='ltr'>fn</span> <span class='ocrx_word' id='word_1_344' title='bbox 290 2706 360 2778; x_wconf 86' lang='lat' dir='ltr'>ipsis</span> <span class='ocrx_word' id='word_1_345' title='bbox 388 2706 527 2763; x_wconf 89' lang='lat' dir='ltr'>montibus</span> <span class='ocrx_word' id='word_1_346' title='bbox 549 2708 699 2762; x_wconf 78' lang='lat' dir='ltr'>necessitas</span> <span class='ocrx_word' id='word_1_347' title='bbox 720 2700 918 2769; x_wconf 85' lang='lat' dir='ltr'>commorandi,</span> <span class='ocrx_word' id='word_1_348' title='bbox 970 2709 1128 2770; x_wconf 89' lang='lat' dir='ltr'>potuerunt.</span> 
     </span>
     <span class='ocr_line' id='line_1_28' title="bbox 128 2791 1773 2875; baseline 0.004 -23"><span class='ocrx_word' id='word_1_349' title='bbox 128 2793 259 2854; x_wconf 82' lang='lat' dir='ltr'>describit.</span> <span class='ocrx_word' id='word_1_350' title='bbox 269 2799 347 2869; x_wconf 83' lang='lat' dir='ltr'>Quos</span> <span class='ocrx_word' id='word_1_351' title='bbox 359 2798 462 2856; x_wconf 89' lang='lat' dir='ltr'>imbres</span> <span class='ocrx_word' id='word_1_352' title='bbox 472 2799 607 2857; x_wconf 88' lang='lat' dir='ltr'>montium</span> <span class='ocrx_word' id='word_1_353' title='bbox 618 2798 720 2869; x_wconf 82' lang='lat' dir='ltr'>rigant,</span> <span class='ocrx_word' id='word_1_354' title='bbox 736 2796 764 2875; x_wconf 84' lang='lat' dir='ltr'>id</span> <span class='ocrx_word' id='word_1_355' title='bbox 777 2803 831 2861; x_wconf 90' lang='lat' dir='ltr'>est,</span> <span class='ocrx_word' id='word_1_356' title='bbox 841 2793 920 2866; x_wconf 80' lang='lat' dir='ltr'>aguis</span> <span class='ocrx_word' id='word_1_357' title='bbox 1007 2791 1042 2847; x_wconf 80' lang='lat' dir='ltr'>tir</span> <span class='ocrx_word' id='word_1_358' title='bbox 1061 2793 1154 2849; x_wconf 81' lang='lat' dir='ltr'>arriano</span> <span class='ocrx_word' id='word_1_359' title='bbox 1170 2794 1364 2852; x_wconf 74' lang='lat' dir='ltr'>ouinnntorunr</span> <span class='ocrx_word' id='word_1_360' title='bbox 1385 2799 1516 2865; x_wconf 74' lang='lat' dir='ltr'>clauserit,</span> <span class='ocrx_word' id='word_1_361' title='bbox 1532 2810 1558 2856; x_wconf 89' lang='lat' dir='ltr'>et</span> <span class='ocrx_word' id='word_1_362' title='bbox 1578 2799 1648 2857; x_wconf 79' lang='lat' dir='ltr'>fieus</span> <span class='ocrx_word' id='word_1_363' title='bbox 1660 2803 1773 2859; x_wconf 81' lang='lat' dir='ltr'>inultum</span> 
     </span>
     <span class='ocr_line' id='line_1_29' title="bbox 127 2886 1772 2965; baseline 0.002 -19"><span class='ocrx_word' id='word_1_364' title='bbox 127 2889 157 2947; x_wconf 88' lang='lat' dir='ltr'>dn</span> <span class='ocrx_word' id='word_1_365' title='bbox 178 2893 243 2962; x_wconf 88' lang='lat' dir='ltr'>ipsis</span> <span class='ocrx_word' id='word_1_366' title='bbox 268 2893 413 2952; x_wconf 81' lang='lat' dir='ltr'>itrontibut</span> <span class='ocrx_word' id='word_1_367' title='bbox 429 2894 540 2965; x_wconf 85' lang='lat' dir='ltr'>copiose</span> <span class='ocrx_word' id='word_1_368' title='bbox 567 2892 717 2949; x_wconf 88' lang='lat' dir='ltr'>liuentibus</span> <span class='ocrx_word' id='word_1_369' title='bbox 740 2890 916 2947; x_wconf 89' lang='lat' dir='ltr'>mundantur.</span> <span class='ocrx_word' id='word_1_370' title='bbox 971 2886 1044 2941; x_wconf 83' lang='lat' dir='ltr'>abire</span> <span class='ocrx_word' id='word_1_371' title='bbox 1053 2902 1106 2943; x_wconf 89' lang='lat' dir='ltr'>non</span> <span class='ocrx_word' id='word_1_372' title='bbox 1122 2889 1231 2956; x_wconf 81' lang='lat' dir='ltr'>potitur.</span> <span class='ocrx_word' id='word_1_373' title='bbox 1248 2889 1320 2945; x_wconf 79' lang='lat' dir='ltr'>Deus</span> <span class='ocrx_word' id='word_1_374' title='bbox 1335 2905 1429 2946; x_wconf 85' lang='lat' dir='ltr'>uocem</span> <span class='ocrx_word' id='word_1_375' title='bbox 1440 2890 1643 2962; x_wconf 83' lang='lat' dir='ltr'>implorantium</span> <span class='ocrx_word' id='word_1_376' title='bbox 1658 2894 1772 2952; x_wconf 88' lang='lat' dir='ltr'>inultam</span> 
     </span>
     <span class='ocr_line' id='line_1_30' title="bbox 126 2980 1776 3058; baseline 0.002 -18"><span class='ocrx_word' id='word_1_377' title='bbox 126 2982 193 3052; x_wconf 77' lang='lat' dir='ltr'>Quos</span> <span class='ocrx_word' id='word_1_378' title='bbox 203 2985 309 3045; x_wconf 90' lang='lat' dir='ltr'>iuibres</span> <span class='ocrx_word' id='word_1_379' title='bbox 321 2987 459 3043; x_wconf 89' lang='lat' dir='ltr'>montium</span> <span class='ocrx_word' id='word_1_380' title='bbox 473 2986 572 3058; x_wconf 85' lang='lat' dir='ltr'>rigant.</span> <span class='ocrx_word' id='word_1_381' title='bbox 585 2985 644 3042; x_wconf 82' lang='lat' dir='ltr'>uon</span> <span class='ocrx_word' id='word_1_382' title='bbox 658 2983 793 3042; x_wconf 87' lang='lat' dir='ltr'>imbribus</span> <span class='ocrx_word' id='word_1_383' title='bbox 806 2982 869 3040; x_wconf 81' lang='lat' dir='ltr'>coeli</span> <span class='ocrx_word' id='word_1_384' title='bbox 884 2981 920 3038; x_wconf 91' lang='lat' dir='ltr'>ri·</span> <span class='ocrx_word' id='word_1_385' title='bbox 971 2980 1049 3037; x_wconf 84' lang='lat' dir='ltr'>abire</span> <span class='ocrx_word' id='word_1_386' title='bbox 1063 2996 1117 3037; x_wconf 89' lang='lat' dir='ltr'>non</span> <span class='ocrx_word' id='word_1_387' title='bbox 1132 2983 1245 3053; x_wconf 84' lang='lat' dir='ltr'>patitur,</span> <span class='ocrx_word' id='word_1_388' title='bbox 1267 2983 1334 3055; x_wconf 86' lang='lat' dir='ltr'>quin</span> <span class='ocrx_word' id='word_1_389' title='bbox 1357 2983 1488 3040; x_wconf 89' lang='lat' dir='ltr'>ultionem</span> <span class='ocrx_word' id='word_1_390' title='bbox 1504 2986 1605 3042; x_wconf 86' lang='lat' dir='ltr'>tribuunt</span> <span class='ocrx_word' id='word_1_391' title='bbox 1624 2985 1660 3042; x_wconf 88' lang='lat' dir='ltr'>dc</span> <span class='ocrx_word' id='word_1_392' title='bbox 1673 2989 1776 3044; x_wconf 86' lang='lat' dir='ltr'>errori·</span> 
     </span>
     <span class='ocr_line' id='line_1_31' title="bbox 126 3072 1774 3149; baseline 0.002 -16"><span class='ocrx_word' id='word_1_393' title='bbox 126 3087 234 3149; x_wconf 87' lang='lat' dir='ltr'>gantirr,</span> <span class='ocrx_word' id='word_1_394' title='bbox 260 3081 313 3138; x_wconf 81' lang='lat' dir='ltr'>sed</span> <span class='ocrx_word' id='word_1_395' title='bbox 335 3079 469 3138; x_wconf 87' lang='lat' dir='ltr'>montium</span> <span class='ocrx_word' id='word_1_396' title='bbox 495 3078 689 3137; x_wconf 86' lang='lat' dir='ltr'>extollentium</span> <span class='ocrx_word' id='word_1_397' title='bbox 711 3092 743 3134; x_wconf 85' lang='lat' dir='ltr'>se</span> <span class='ocrx_word' id='word_1_398' title='bbox 772 3075 919 3133; x_wconf 85' lang='lat' dir='ltr'>aduersum</span> <span class='ocrx_word' id='word_1_399' title='bbox 971 3073 1024 3130; x_wconf 91' lang='lat' dir='ltr'>bus</span> <span class='ocrx_word' id='word_1_400' title='bbox 1038 3089 1046 3126; x_wconf 74' lang='grc' dir='ltr'><strong>ε</strong></span> <span class='ocrx_word' id='word_1_401' title='bbox 1062 3082 1093 3129; x_wconf 87' lang='grc' dir='ltr'>ιι</span> <span class='ocrx_word' id='word_1_402' title='bbox 1104 3072 1170 3130; x_wconf 87' lang='lat' dir='ltr'>duim</span> <span class='ocrx_word' id='word_1_403' title='bbox 1184 3075 1218 3131; x_wconf 91' lang='lat' dir='ltr'>ad</span> <span class='ocrx_word' id='word_1_404' title='bbox 1230 3076 1374 3132; x_wconf 83' lang='lat' dir='ltr'>ueritatem</span> <span class='ocrx_word' id='word_1_405' title='bbox 1390 3077 1474 3134; x_wconf 81' lang='lat' dir='ltr'>saucii</span> <span class='ocrx_word' id='word_1_406' title='bbox 1489 3087 1661 3146; x_wconf 87' lang='lat' dir='ltr'>peccatorum</span> <span class='ocrx_word' id='word_1_407' title='bbox 1675 3082 1774 3138; x_wconf 79' lang='lat' dir='ltr'>ulaine-</span> 
     </span>
    </p>
   </div>
   <div class='ocr_carea' id='block_1_3' title="bbox 122 3140 1776 3710">
    <p class='ocr_par' dir='ltr' id='par_1_3' title="bbox 125 3140 1776 3246">
     <span class='ocr_line' id='line_1_32' title="bbox 125 3140 1776 3246; baseline -0.001 -15"><span class='ocrx_word' id='word_1_408' title='bbox 125 3169 259 3229; x_wconf 81' lang='lat' dir='ltr'>tct&#39;eutiatu</span> <span class='ocrx_word' id='word_1_409' title='bbox 274 3174 338 3239; x_wconf 83' lang='lat' dir='ltr'>bei,</span> <span class='ocrx_word' id='word_1_410' title='bbox 353 3189 415 3246; x_wconf 86' lang='lat' dir='ltr'>quae</span> <span class='ocrx_word' id='word_1_411' title='bbox 428 3172 465 3230; x_wconf 90' lang='lat' dir='ltr'>de</span> <span class='ocrx_word' id='word_1_412' title='bbox 478 3172 550 3232; x_wconf 75' lang='lat' dir='ltr'>colo</span> <span class='ocrx_word' id='word_1_413' title='bbox 562 3180 616 3229; x_wconf 88' lang='lat' dir='ltr'>est.</span> <span class='ocrx_word' id='word_1_414' title='bbox 933 3140 955 3204; x_wconf 67' lang='lat' dir='ltr'><strong>c</strong></span> <span class='ocrx_word' id='word_1_415' title='bbox 973 3167 1050 3225; x_wconf 86' lang='lat' dir='ltr'>ribus</span> <span class='ocrx_word' id='word_1_416' title='bbox 1064 3177 1274 3235; x_wconf 82' lang='lat' dir='ltr'>conarentuntur,</span> <span class='ocrx_word' id='word_1_417' title='bbox 1287 3170 1412 3226; x_wconf 85' lang='lat' dir='ltr'>convicta</span> <span class='ocrx_word' id='word_1_418' title='bbox 1428 3169 1532 3229; x_wconf 82' lang='lat' dir='ltr'>falsitas</span> <span class='ocrx_word' id='word_1_419' title='bbox 1543 3173 1681 3242; x_wconf 78' lang='lat' dir='ltr'>puniatur.</span> <span class='ocrx_word' id='word_1_420' title='bbox 1690 3171 1776 3230; x_wconf 88' lang='lat' dir='ltr'>Ponit</span> 
     </span>
    </p>

    <p class='ocr_par' dir='ltr' id='par_1_4' title="bbox 122 3260 1775 3710">
     <span class='ocr_line' id='line_1_33' title="bbox 154 3260 1772 3334; baseline 0.002 -16"><span class='ocrx_word' id='word_1_421' title='bbox 154 3261 187 3318; x_wconf 81' lang='lat' dir='ltr'>b&#39;t</span> <span class='ocrx_word' id='word_1_422' title='bbox 205 3281 260 3320; x_wconf 84' lang='lat' dir='ltr'>non</span> <span class='ocrx_word' id='word_1_423' title='bbox 286 3264 412 3322; x_wconf 80' lang='lat' dir='ltr'>finientes</span> <span class='ocrx_word' id='word_1_424' title='bbox 434 3265 569 3334; x_wconf 82' lang='lat' dir='ltr'>celemon,</span> <span class='ocrx_word' id='word_1_425' title='bbox 591 3265 778 3334; x_wconf 77' lang='lat' dir='ltr'>amplexantur</span> <span class='ocrx_word' id='word_1_426' title='bbox 804 3260 917 3332; x_wconf 83' lang='lat' dir='ltr'>lapidee.</span> <span class='ocrx_word' id='word_1_427' title='bbox 972 3261 1058 3331; x_wconf 88' lang='lat' dir='ltr'>euim,</span> <span class='ocrx_word' id='word_1_428' title='bbox 1074 3261 1348 3334; x_wconf 81' lang='lat' dir='ltr'>quartdoeorumoui</span> <span class='ocrx_word' id='word_1_429' title='bbox 1364 3261 1468 3320; x_wconf 86' lang='lat' dir='ltr'>seducti</span> <span class='ocrx_word' id='word_1_430' title='bbox 1488 3263 1596 3321; x_wconf 88' lang='lat' dir='ltr'>fuernrrt</span> <span class='ocrx_word' id='word_1_431' title='bbox 1610 3267 1772 3322; x_wconf 78' lang='lat' dir='ltr'>conversio·</span> 
     </span>
     <span class='ocr_line' id='line_1_34' title="bbox 124 3354 1773 3432; baseline 0.002 -21"><span class='ocrx_word' id='word_1_432' title='bbox 124 3355 293 3417; x_wconf 84' lang='lat' dir='ltr'>flauifestlus</span> <span class='ocrx_word' id='word_1_433' title='bbox 309 3359 356 3415; x_wconf 85' lang='lat' dir='ltr'>alii</span> <span class='ocrx_word' id='word_1_434' title='bbox 369 3359 521 3417; x_wconf 85' lang='lat' dir='ltr'>dixerunt:</span> <span class='ocrx_word' id='word_1_435' title='bbox 537 3360 660 3430; x_wconf 85' lang='lat' dir='ltr'>Quicum</span> <span class='ocrx_word' id='word_1_436' title='bbox 676 3368 776 3432; x_wconf 83' lang='lat' dir='ltr'>tegmen</span> <span class='ocrx_word' id='word_1_437' title='bbox 796 3373 849 3413; x_wconf 90' lang='lat' dir='ltr'>non</span> <span class='ocrx_word' id='word_1_438' title='bbox 869 3356 919 3411; x_wconf 85' lang='lat' dir='ltr'>lio·</span> <span class='ocrx_word' id='word_1_439' title='bbox 973 3369 1036 3412; x_wconf 88' lang='lat' dir='ltr'>uem</span> <span class='ocrx_word' id='word_1_440' title='bbox 1050 3354 1185 3411; x_wconf 80' lang='lat' dir='ltr'>destituit.</span> <span class='ocrx_word' id='word_1_441' title='bbox 1200 3354 1279 3425; x_wconf 79' lang='lat' dir='ltr'>Quod</span> <span class='ocrx_word' id='word_1_442' title='bbox 1301 3364 1393 3411; x_wconf 82' lang='lat' dir='ltr'>autem</span> <span class='ocrx_word' id='word_1_443' title='bbox 1418 3358 1456 3410; x_wconf 86' lang='lat' dir='ltr'>ait</span> <span class='ocrx_word' id='word_1_444' title='bbox 1476 3373 1483 3412; x_wconf 90' lang='lat'><strong>:</strong></span> <span class='ocrx_word' id='word_1_445' title='bbox 1499 3357 1598 3412; x_wconf 74' lang='lat' dir='ltr'>dirimo</span> <span class='ocrx_word' id='word_1_446' title='bbox 1614 3360 1773 3414; x_wconf 80' lang='lat' dir='ltr'>uulnerato-</span> 
     </span>
     <span class='ocr_line' id='line_1_35' title="bbox 124 3447 1775 3525; baseline 0.004 -24"><span class='ocrx_word' id='word_1_447' title='bbox 124 3447 193 3504; x_wconf 88' lang='lat' dir='ltr'>bcrnt</span> <span class='ocrx_word' id='word_1_448' title='bbox 206 3453 501 3525; x_wconf 83' lang='lat' dir='ltr'>petroodoperiuutur.</span> <span class='ocrx_word' id='word_1_449' title='bbox 522 3451 557 3509; x_wconf 84' lang='lat' dir='ltr'>Et</span> <span class='ocrx_word' id='word_1_450' title='bbox 568 3467 622 3509; x_wconf 95' lang='lat' dir='ltr'>non</span> <span class='ocrx_word' id='word_1_451' title='bbox 636 3452 768 3509; x_wconf 87' lang='lat' dir='ltr'>babentes</span> <span class='ocrx_word' id='word_1_452' title='bbox 782 3450 918 3520; x_wconf 69' lang='lat' dir='ltr'>celsimen,</span> <span class='ocrx_word' id='word_1_453' title='bbox 972 3463 1033 3504; x_wconf 87' lang='lat' dir='ltr'>unm</span> <span class='ocrx_word' id='word_1_454' title='bbox 1058 3467 1065 3505; x_wconf 95' lang='lat'><strong>:</strong></span> <span class='ocrx_word' id='word_1_455' title='bbox 1086 3464 1135 3519; x_wconf 91' lang='lat' dir='ltr'>pro</span> <span class='ocrx_word' id='word_1_456' title='bbox 1155 3463 1292 3506; x_wconf 77' lang='lat' dir='ltr'>conusensu</span> <span class='ocrx_word' id='word_1_457' title='bbox 1311 3450 1344 3505; x_wconf 87' lang='lat' dir='ltr'>ad</span> <span class='ocrx_word' id='word_1_458' title='bbox 1369 3449 1453 3506; x_wconf 80' lang='lat' dir='ltr'>uonna</span> <span class='ocrx_word' id='word_1_459' title='bbox 1475 3449 1651 3507; x_wconf 84' lang='lat' dir='ltr'>clamantium</span> <span class='ocrx_word' id='word_1_460' title='bbox 1674 3452 1775 3508; x_wconf 87' lang='lat' dir='ltr'>intelli-</span> 
     </span>
     <span class='ocr_line' id='line_1_36' title="bbox 122 3541 1775 3619; baseline 0.002 -22"><span class='ocrx_word' id='word_1_461' title='bbox 122 3543 313 3615; x_wconf 82' lang='lat' dir='ltr'>aurplexautur</span> <span class='ocrx_word' id='word_1_462' title='bbox 332 3545 449 3619; x_wconf 87' lang='lat' dir='ltr'>lapides.</span> <span class='ocrx_word' id='word_1_463' title='bbox 466 3545 525 3603; x_wconf 88' lang='lat' dir='ltr'>lino</span> <span class='ocrx_word' id='word_1_464' title='bbox 537 3554 592 3613; x_wconf 88' lang='lat' dir='ltr'>est,</span> <span class='ocrx_word' id='word_1_465' title='bbox 612 3545 673 3602; x_wconf 91' lang='lat' dir='ltr'>siue</span> <span class='ocrx_word' id='word_1_466' title='bbox 686 3543 851 3600; x_wconf 82' lang='lat' dir='ltr'>uestimento</span> <span class='ocrx_word' id='word_1_467' title='bbox 864 3544 920 3598; x_wconf 88' lang='lat' dir='ltr'>uir·</span> <span class='ocrx_word' id='word_1_468' title='bbox 970 3555 1078 3612; x_wconf 88' lang='lat' dir='ltr'>gamus.</span> <span class='ocrx_word' id='word_1_469' title='bbox 1100 3541 1276 3599; x_wconf 71' lang='lat' dir='ltr'>vastatorum</span> <span class='ocrx_word' id='word_1_470' title='bbox 1295 3550 1390 3597; x_wconf 89' lang='lat' dir='ltr'>autem</span> <span class='ocrx_word' id='word_1_471' title='bbox 1411 3541 1554 3598; x_wconf 87' lang='lat' dir='ltr'>tribulatio</span> <span class='ocrx_word' id='word_1_472' title='bbox 1574 3559 1661 3614; x_wconf 80' lang='lat' dir='ltr'>ruspare</span> <span class='ocrx_word' id='word_1_473' title='bbox 1680 3545 1714 3599; x_wconf 91' lang='lat' dir='ltr'>ad</span> <span class='ocrx_word' id='word_1_474' title='bbox 1729 3563 1775 3617; x_wconf 86' lang='lat' dir='ltr'>gc·</span> 
     </span>
     <span class='ocr_line' id='line_1_37' title="bbox 124 3634 1772 3710; baseline -0.001 -16"><span class='ocrx_word' id='word_1_475' title='bbox 124 3643 205 3694; x_wconf 90' lang='lat' dir='ltr'>tutum</span> <span class='ocrx_word' id='word_1_476' title='bbox 219 3638 347 3710; x_wconf 82' lang='lat' dir='ltr'>peccatis</span> <span class='ocrx_word' id='word_1_477' title='bbox 362 3639 431 3708; x_wconf 89' lang='lat' dir='ltr'>tuis,</span> <span class='ocrx_word' id='word_1_478' title='bbox 441 3647 471 3696; x_wconf 87' lang='lat' dir='ltr'>et</span> <span class='ocrx_word' id='word_1_479' title='bbox 483 3638 627 3695; x_wconf 74' lang='lat' dir='ltr'>errudbus</span> <span class='ocrx_word' id='word_1_480' title='bbox 641 3637 824 3695; x_wconf 88' lang='lat' dir='ltr'>delectantur.</span> <span class='ocrx_word' id='word_1_481' title='bbox 971 3634 1068 3691; x_wconf 89' lang='lat' dir='ltr'>mitum</span> <span class='ocrx_word' id='word_1_482' title='bbox 1083 3635 1222 3692; x_wconf 79' lang='lat' dir='ltr'>civitatem</span> <span class='ocrx_word' id='word_1_483' title='bbox 1237 3634 1420 3691; x_wconf 79' lang='lat' dir='ltr'>habitantium</span> <span class='ocrx_word' id='word_1_484' title='bbox 1435 3635 1772 3704; x_wconf 72' lang='lat' dir='ltr'>pervenit-bauvarinerati</span> 
     </span>
    </p>
   </div>
   <div class='ocr_carea' id='block_1_4' title="bbox 111 3729 1822 5854">
    <p class='ocr_par' dir='ltr' id='par_1_5' title="bbox 116 3729 1771 4456">
     <span class='ocr_line' id='line_1_38' title="bbox 155 3729 1771 3808; baseline -0.001 -21"><span class='ocrx_word' id='word_1_485' title='bbox 155 3731 214 3788; x_wconf 82' lang='lat' dir='ltr'>Vina</span> <span class='ocrx_word' id='word_1_486' title='bbox 224 3735 348 3806; x_wconf 80' lang='lat' dir='ltr'>fecerunt</span> <span class='ocrx_word' id='word_1_487' title='bbox 361 3732 539 3808; x_wconf 78' lang='lat' dir='ltr'>depraedantes</span> <span class='ocrx_word' id='word_1_488' title='bbox 552 3732 678 3806; x_wconf 82' lang='lat' dir='ltr'>pupillos.</span> <span class='ocrx_word' id='word_1_489' title='bbox 691 3731 743 3788; x_wconf 85' lang='lat' dir='ltr'>libi</span> <span class='ocrx_word' id='word_1_490' title='bbox 760 3729 920 3801; x_wconf 75' lang='lat' dir='ltr'>intelligitur</span> <span class='ocrx_word' id='word_1_491' title='bbox 971 3743 1038 3786; x_wconf 79' lang='lat' dir='ltr'>vero</span> <span class='ocrx_word' id='word_1_492' title='bbox 1052 3745 1106 3786; x_wconf 82' lang='lat' dir='ltr'>riou</span> <span class='ocrx_word' id='word_1_493' title='bbox 1122 3729 1213 3787; x_wconf 88' lang='lat' dir='ltr'>solum</span> <span class='ocrx_word' id='word_1_494' title='bbox 1235 3729 1407 3800; x_wconf 90' lang='lat' dir='ltr'>intelligendi</span> <span class='ocrx_word' id='word_1_495' title='bbox 1421 3739 1486 3785; x_wconf 89' lang='lat' dir='ltr'>sunt</span> <span class='ocrx_word' id='word_1_496' title='bbox 1499 3747 1507 3784; x_wconf 78' lang='lat' dir='ltr'>a</span> <span class='ocrx_word' id='word_1_497' title='bbox 1521 3746 1638 3800; x_wconf 82' lang='lat' dir='ltr'>gunnam</span> <span class='ocrx_word' id='word_1_498' title='bbox 1653 3747 1771 3803; x_wconf 84' lang='lat' dir='ltr'>corpora</span> 
     </span>
     <span class='ocr_line' id='line_1_39' title="bbox 120 3822 1771 3901; baseline -0.001 -21"><span class='ocrx_word' id='word_1_499' title='bbox 120 3824 179 3894; x_wconf 82' lang='lat' dir='ltr'>quid</span> <span class='ocrx_word' id='word_1_500' title='bbox 200 3825 374 3885; x_wconf 80' lang='lat' dir='ltr'>habentibus</span> <span class='ocrx_word' id='word_1_501' title='bbox 399 3827 531 3896; x_wconf 83' lang='lat' dir='ltr'>fecerint,</span> <span class='ocrx_word' id='word_1_502' title='bbox 549 3827 770 3901; x_wconf 77' lang='lat' dir='ltr'>quandoquidem</span> <span class='ocrx_word' id='word_1_503' title='bbox 791 3824 920 3881; x_wconf 89' lang='lat' dir='ltr'>facultate</span> <span class='ocrx_word' id='word_1_504' title='bbox 960 3823 1007 3879; x_wconf 82' lang='lat' dir='ltr'>ab</span> <span class='ocrx_word' id='word_1_505' title='bbox 1027 3822 1089 3879; x_wconf 78' lang='lat' dir='ltr'>aliis·</span> <span class='ocrx_word' id='word_1_506' title='bbox 1112 3822 1350 3890; x_wconf 75' lang='lat' dir='ltr'>transfodiuntur,</span> <span class='ocrx_word' id='word_1_507' title='bbox 1370 3838 1463 3878; x_wconf 83' lang='lat' dir='ltr'>uerum</span> <span class='ocrx_word' id='word_1_508' title='bbox 1487 3825 1572 3878; x_wconf 87' lang='lat' dir='ltr'>etiarn</span> <span class='ocrx_word' id='word_1_509' title='bbox 1593 3823 1631 3877; x_wconf 91' lang='lat' dir='ltr'>illi</span> <span class='ocrx_word' id='word_1_510' title='bbox 1655 3839 1771 3894; x_wconf 81' lang='lat' dir='ltr'>priorum</span> 
     </span>
     <span class='ocr_line' id='line_1_40' title="bbox 122 3914 1771 3987; baseline 0.001 -16"><span class='ocrx_word' id='word_1_511' title='bbox 122 3917 288 3978; x_wconf 81' lang='lat' dir='ltr'>tenuissimis</span> <span class='ocrx_word' id='word_1_512' title='bbox 303 3935 359 3977; x_wconf 92' lang='lat' dir='ltr'>non</span> <span class='ocrx_word' id='word_1_513' title='bbox 374 3919 486 3977; x_wconf 92' lang='lat' dir='ltr'>fuerunt</span> <span class='ocrx_word' id='word_1_514' title='bbox 508 3919 625 3977; x_wconf 83' lang='lat' dir='ltr'>miserti.</span> <span class='ocrx_word' id='word_1_515' title='bbox 650 3917 710 3976; x_wconf 76' lang='lat' dir='ltr'>Vim</span> <span class='ocrx_word' id='word_1_516' title='bbox 733 3918 858 3976; x_wconf 89' lang='lat' dir='ltr'>fecemnt</span> <span class='ocrx_word' id='word_1_517' title='bbox 871 3915 920 3973; x_wconf 89' lang='lat' dir='ltr'>de·</span> <span class='ocrx_word' id='word_1_518' title='bbox 970 3916 1071 3972; x_wconf 78' lang='lat' dir='ltr'>anime</span> <span class='ocrx_word' id='word_1_519' title='bbox 1088 3915 1208 3982; x_wconf 83' lang='lat' dir='ltr'>bostium</span> <span class='ocrx_word' id='word_1_520' title='bbox 1227 3917 1327 3974; x_wconf 91' lang='lat' dir='ltr'>timore</span> <span class='ocrx_word' id='word_1_521' title='bbox 1347 3915 1449 3986; x_wconf 89' lang='lat' dir='ltr'>nimio,</span> <span class='ocrx_word' id='word_1_522' title='bbox 1466 3916 1542 3971; x_wconf 88' lang='lat' dir='ltr'>uelut</span> <span class='ocrx_word' id='word_1_523' title='bbox 1557 3914 1650 3987; x_wconf 87' lang='lat' dir='ltr'>gladio</span> <span class='ocrx_word' id='word_1_524' title='bbox 1669 3916 1771 3973; x_wconf 91' lang='lat' dir='ltr'>feriun-</span> 
     </span>
     <span class='ocr_line' id='line_1_41' title="bbox 120 4007 1026 4085; baseline -0.004 -19"><span class='ocrx_word' id='word_1_525' title='bbox 120 4009 272 4078; x_wconf 80' lang='lat' dir='ltr'>uredautes</span> <span class='ocrx_word' id='word_1_526' title='bbox 293 4011 424 4085; x_wconf 86' lang='lat' dir='ltr'>pupillos.</span> <span class='ocrx_word' id='word_1_527' title='bbox 453 4012 518 4070; x_wconf 88' lang='lat' dir='ltr'>filos</span> <span class='ocrx_word' id='word_1_528' title='bbox 543 4012 626 4069; x_wconf 88' lang='lat' dir='ltr'>etiam</span> <span class='ocrx_word' id='word_1_529' title='bbox 647 4011 693 4084; x_wconf 87' lang='lat' dir='ltr'>qui</span> <span class='ocrx_word' id='word_1_530' title='bbox 715 4012 841 4068; x_wconf 86' lang='lat' dir='ltr'>notitiam</span> <span class='ocrx_word' id='word_1_531' title='bbox 866 4007 918 4065; x_wconf 91' lang='lat' dir='ltr'>ali·</span> <span class='ocrx_word' id='word_1_532' title='bbox 972 4017 1026 4064; x_wconf 90' lang='lat' dir='ltr'>tur.</span> 
     </span>
     <span class='ocr_line' id='line_1_42' title="bbox 119 4093 1771 4180; baseline 0.003 -23"><span class='ocrx_word' id='word_1_533' title='bbox 119 4093 367 4172; x_wconf 80' lang='lat' dir='ltr'>qnam&#39;seennunm</span> <span class='ocrx_word' id='word_1_534' title='bbox 383 4113 489 4163; x_wconf 78' lang='lat' dir='ltr'>naturae</span> <span class='ocrx_word' id='word_1_535' title='bbox 511 4105 612 4164; x_wconf 82' lang='lat' dir='ltr'>bonrum</span> <span class='ocrx_word' id='word_1_536' title='bbox 636 4105 748 4172; x_wconf 84' lang='lat' dir='ltr'>liabent,</span> <span class='ocrx_word' id='word_1_537' title='bbox 772 4117 853 4176; x_wconf 85' lang='lat' dir='ltr'>quam</span> <span class='ocrx_word' id='word_1_538' title='bbox 872 4100 920 4158; x_wconf 92' lang='lat' dir='ltr'>de·</span> <span class='ocrx_word' id='word_1_539' title='bbox 1005 4101 1065 4174; x_wconf 86' lang='lat' dir='ltr'>fpei</span> <span class='ocrx_word' id='word_1_540' title='bbox 1077 4104 1184 4177; x_wconf 74' lang='lat' dir='ltr'>{count</span> <span class='ocrx_word' id='word_1_541' title='bbox 1202 4101 1312 4160; x_wconf 77' lang='lat' dir='ltr'>rebelles</span> <span class='ocrx_word' id='word_1_542' title='bbox 1333 4103 1436 4167; x_wconf 84' lang='lat' dir='ltr'>lumini,</span> <span class='ocrx_word' id='word_1_543' title='bbox 1457 4104 1605 4159; x_wconf 81' lang='lat' dir='ltr'>areaeierunt</span> <span class='ocrx_word' id='word_1_544' title='bbox 1620 4105 1675 4161; x_wconf 86' lang='lat' dir='ltr'>uina</span> <span class='ocrx_word' id='word_1_545' title='bbox 1691 4110 1771 4180; x_wconf 75' lang='lat' dir='ltr'>ejus:</span> 
     </span>
     <span class='ocr_line' id='line_1_43' title="bbox 117 4191 1771 4272; baseline 0.002 -22"><span class='ocrx_word' id='word_1_546' title='bbox 117 4191 227 4255; x_wconf 79' lang='lat' dir='ltr'>fondere</span> <span class='ocrx_word' id='word_1_547' title='bbox 254 4215 316 4256; x_wconf 86' lang='lat' dir='ltr'>non</span> <span class='ocrx_word' id='word_1_548' title='bbox 343 4209 493 4271; x_wconf 86' lang='lat' dir='ltr'>poterant;</span> <span class='ocrx_word' id='word_1_549' title='bbox 520 4199 613 4272; x_wconf 87' lang='lat' dir='ltr'>fragili</span> <span class='ocrx_word' id='word_1_550' title='bbox 639 4201 733 4255; x_wconf 84' lang='lat' dir='ltr'>aniano</span> <span class='ocrx_word' id='word_1_551' title='bbox 764 4205 792 4252; x_wconf 90' lang='lat' dir='ltr'>et</span> <span class='ocrx_word' id='word_1_552' title='bbox 822 4195 919 4268; x_wconf 88' lang='lat' dir='ltr'>puerili</span> <span class='ocrx_word' id='word_1_553' title='bbox 970 4213 1018 4252; x_wconf 86' lang='lat' dir='ltr'>uec</span> <span class='ocrx_word' id='word_1_554' title='bbox 1034 4198 1130 4253; x_wconf 74' lang='lat' dir='ltr'>reunsi</span> <span class='ocrx_word' id='word_1_555' title='bbox 1155 4196 1392 4269; x_wconf 83' lang='lat' dir='ltr'>runtpersenritna</span> <span class='ocrx_word' id='word_1_556' title='bbox 1411 4199 1478 4268; x_wconf 72' lang='lat' dir='ltr'>ejus.</span> <span class='ocrx_word' id='word_1_557' title='bbox 1503 4196 1659 4266; x_wconf 74' lang='lat' dir='ltr'>buniones,</span> <span class='ocrx_word' id='word_1_558' title='bbox 1682 4197 1771 4255; x_wconf 77' lang='lat' dir='ltr'>liore-</span> 
     </span>
     <span class='ocr_line' id='line_1_44' title="bbox 118 4286 1771 4364; baseline 0.002 -21"><span class='ocrx_word' id='word_1_559' title='bbox 118 4288 241 4349; x_wconf 79' lang='lat' dir='ltr'>xiventes</span> <span class='ocrx_word' id='word_1_560' title='bbox 261 4309 269 4348; x_wconf 80' lang='grc' dir='ltr'>ι</span> <span class='ocrx_word' id='word_1_561' title='bbox 297 4292 473 4351; x_wconf 80' lang='lat' dir='ltr'>suasionibus</span> <span class='ocrx_word' id='word_1_562' title='bbox 490 4293 592 4364; x_wconf 84' lang='lat' dir='ltr'>prauis,</span> <span class='ocrx_word' id='word_1_563' title='bbox 608 4291 662 4347; x_wconf 86' lang='lat' dir='ltr'>uim</span> <span class='ocrx_word' id='word_1_564' title='bbox 683 4291 833 4348; x_wconf 89' lang='lat' dir='ltr'>inferentes</span> <span class='ocrx_word' id='word_1_565' title='bbox 847 4303 919 4360; x_wconf 79' lang='lat' dir='ltr'>prco-</span> <span class='ocrx_word' id='word_1_566' title='bbox 971 4289 1028 4356; x_wconf 87' lang='lat' dir='ltr'>tici,</span> <span class='ocrx_word' id='word_1_567' title='bbox 1045 4287 1213 4360; x_wconf 90' lang='lat' dir='ltr'>pbilosoplri,</span> <span class='ocrx_word' id='word_1_568' title='bbox 1228 4290 1288 4346; x_wconf 87' lang='lat' dir='ltr'>sire</span> <span class='ocrx_word' id='word_1_569' title='bbox 1301 4290 1386 4344; x_wconf 88' lang='lat' dir='ltr'>etiarn</span> <span class='ocrx_word' id='word_1_570' title='bbox 1398 4303 1495 4345; x_wconf 89' lang='lat' dir='ltr'>omnes</span> <span class='ocrx_word' id='word_1_571' title='bbox 1509 4286 1586 4360; x_wconf 91' lang='lat' dir='ltr'>impii</span> <span class='ocrx_word' id='word_1_572' title='bbox 1599 4289 1771 4360; x_wconf 90' lang='lat' dir='ltr'>intelligendi</span> 
     </span>
     <span class='ocr_line' id='line_1_45' title="bbox 116 4377 1769 4456; baseline 0.005 -22"><span class='ocrx_word' id='word_1_573' title='bbox 116 4377 167 4438; x_wconf 90' lang='lat' dir='ltr'>dati</span> <span class='ocrx_word' id='word_1_574' title='bbox 177 4393 254 4441; x_wconf 89' lang='lat' dir='ltr'>sunt.</span> <span class='ocrx_word' id='word_1_575' title='bbox 970 4390 1050 4451; x_wconf 91' lang='lat' dir='ltr'>suut,</span> <span class='ocrx_word' id='word_1_576' title='bbox 1078 4383 1124 4453; x_wconf 83' lang='lat' dir='ltr'>qui</span> <span class='ocrx_word' id='word_1_577' title='bbox 1142 4392 1238 4439; x_wconf 88' lang='lat' dir='ltr'>contra</span> <span class='ocrx_word' id='word_1_578' title='bbox 1258 4381 1410 4440; x_wconf 88' lang='lat' dir='ltr'>doctrinam</span> <span class='ocrx_word' id='word_1_579' title='bbox 1430 4384 1477 4440; x_wconf 82' lang='lat' dir='ltr'>liei</span> <span class='ocrx_word' id='word_1_580' title='bbox 1497 4387 1589 4440; x_wconf 84' lang='lat' dir='ltr'>venire</span> <span class='ocrx_word' id='word_1_581' title='bbox 1615 4394 1769 4456; x_wconf 86' lang='lat' dir='ltr'>conantur,</span> 
     </span>
    </p>

    <p class='ocr_par' dir='ltr' id='par_1_6' title="bbox 114 4473 1771 4923">
     <span class='ocr_line' id='line_1_46' title="bbox 150 4473 1770 4552; baseline 0.001 -19"><span class='ocrx_word' id='word_1_582' title='bbox 150 4473 183 4529; x_wconf 81' lang='lat' dir='ltr'>Et</span> <span class='ocrx_word' id='word_1_583' title='bbox 207 4479 320 4552; x_wconf 76' lang='lat' dir='ltr'>colpum</span> <span class='ocrx_word' id='word_1_584' title='bbox 346 4495 486 4552; x_wconf 78' lang='lat' dir='ltr'>pauperem</span> <span class='ocrx_word' id='word_1_585' title='bbox 509 4478 688 4552; x_wconf 81' lang='lat' dir='ltr'>spoliaverint.</span> <span class='ocrx_word' id='word_1_586' title='bbox 716 4475 917 4534; x_wconf 89' lang='lat' dir='ltr'>llultitudinem</span> <span class='ocrx_word' id='word_1_587' title='bbox 972 4477 1034 4548; x_wconf 81' lang='lat' dir='ltr'>quia</span> <span class='ocrx_word' id='word_1_588' title='bbox 1049 4477 1206 4534; x_wconf 86' lang='lat' dir='ltr'>maardatum</span> <span class='ocrx_word' id='word_1_589' title='bbox 1220 4476 1281 4533; x_wconf 82' lang='lat' dir='ltr'>ritae</span> <span class='ocrx_word' id='word_1_590' title='bbox 1297 4477 1413 4548; x_wconf 83' lang='lat' dir='ltr'>intest,</span> <span class='ocrx_word' id='word_1_591' title='bbox 1429 4477 1491 4550; x_wconf 83' lang='lat' dir='ltr'>quia</span> <span class='ocrx_word' id='word_1_592' title='bbox 1507 4478 1534 4534; x_wconf 92' lang='lat' dir='ltr'>in</span> <span class='ocrx_word' id='word_1_593' title='bbox 1550 4489 1645 4535; x_wconf 87' lang='lat' dir='ltr'>natura</span> <span class='ocrx_word' id='word_1_594' title='bbox 1667 4481 1770 4548; x_wconf 88' lang='lat' dir='ltr'>lunuon,</span> 
     </span>
     <span class='ocr_line' id='line_1_47' title="bbox 114 4533 1771 4643; baseline 0.005 -22"><span class='ocrx_word' id='word_1_595' title='bbox 114 4581 220 4640; x_wconf 82' lang='lat' dir='ltr'>quoque</span> <span class='ocrx_word' id='word_1_596' title='bbox 234 4571 334 4643; x_wconf 92' lang='lat' dir='ltr'>populi</span> <span class='ocrx_word' id='word_1_597' title='bbox 349 4573 432 4628; x_wconf 86' lang='lat' dir='ltr'>rilem</span> <span class='ocrx_word' id='word_1_598' title='bbox 445 4571 565 4639; x_wconf 88' lang='lat' dir='ltr'>actibus,</span> <span class='ocrx_word' id='word_1_599' title='bbox 579 4581 607 4626; x_wconf 87' lang='lat' dir='ltr'>et</span> <span class='ocrx_word' id='word_1_600' title='bbox 618 4569 728 4626; x_wconf 86' lang='lat' dir='ltr'>inscitia</span> <span class='ocrx_word' id='word_1_601' title='bbox 744 4583 891 4640; x_wconf 86' lang='lat' dir='ltr'>pauperem</span> <span class='ocrx_word' id='word_1_602' title='bbox 909 4587 917 4625; x_wconf 81' lang='grc' dir='ltr'>ι</span> <span class='ocrx_word' id='word_1_603' title='bbox 932 4533 959 4596; x_wconf 74' lang='lat' dir='ltr'>D</span> <span class='ocrx_word' id='word_1_604' title='bbox 973 4571 1066 4627; x_wconf 92' lang='lat' dir='ltr'>lumen</span> <span class='ocrx_word' id='word_1_605' title='bbox 1088 4579 1131 4629; x_wconf 86' lang='lat' dir='ltr'>est</span> <span class='ocrx_word' id='word_1_606' title='bbox 1151 4569 1225 4643; x_wconf 84' lang='lat' dir='ltr'>quod</span> <span class='ocrx_word' id='word_1_607' title='bbox 1238 4585 1288 4642; x_wconf 90' lang='lat' dir='ltr'>per</span> <span class='ocrx_word' id='word_1_608' title='bbox 1307 4585 1339 4627; x_wconf 89' lang='lat' dir='ltr'>se</span> <span class='ocrx_word' id='word_1_609' title='bbox 1358 4579 1400 4627; x_wconf 87' lang='lat' dir='ltr'>est</span> <span class='ocrx_word' id='word_1_610' title='bbox 1417 4588 1424 4624; x_wconf 77' lang='grc' dir='ltr'>ι</span> <span class='ocrx_word' id='word_1_611' title='bbox 1445 4571 1565 4627; x_wconf 80' lang='lat' dir='ltr'>tenebam</span> <span class='ocrx_word' id='word_1_612' title='bbox 1581 4587 1647 4628; x_wconf 89' lang='lat' dir='ltr'>uero</span> <span class='ocrx_word' id='word_1_613' title='bbox 1661 4575 1771 4630; x_wconf 69' lang='lat' dir='ltr'>ezeciam</span> 
     </span>
     <span class='ocr_line' id='line_1_48' title="bbox 115 4663 1769 4738; baseline 0.002 -21"><span class='ocrx_word' id='word_1_614' title='bbox 115 4663 136 4718; x_wconf 91' lang='lat' dir='ltr'>si</span> <span class='ocrx_word' id='word_1_615' title='bbox 158 4667 227 4735; x_wconf 80' lang='lat' dir='ltr'>quid</span> <span class='ocrx_word' id='word_1_616' title='bbox 251 4667 383 4724; x_wconf 76' lang='lat' dir='ltr'>fortassis</span> <span class='ocrx_word' id='word_1_617' title='bbox 403 4665 520 4724; x_wconf 86' lang='lat' dir='ltr'>babebat</span> <span class='ocrx_word' id='word_1_618' title='bbox 541 4665 667 4738; x_wconf 87' lang='lat' dir='ltr'>justitiae,</span> <span class='ocrx_word' id='word_1_619' title='bbox 681 4665 825 4722; x_wconf 88' lang='lat' dir='ltr'>autetiam</span> <span class='ocrx_word' id='word_1_620' title='bbox 840 4665 919 4720; x_wconf 89' lang='lat' dir='ltr'>irino·</span> <span class='ocrx_word' id='word_1_621' title='bbox 970 4664 1073 4720; x_wconf 89' lang='lat' dir='ltr'>cordis.</span> <span class='ocrx_word' id='word_1_622' title='bbox 1089 4663 1251 4734; x_wconf 71' lang='lat' dir='ltr'>sapritius</span> <span class='ocrx_word' id='word_1_623' title='bbox 1270 4668 1294 4718; x_wconf 92' lang='lat' dir='ltr'>sl</span> <span class='ocrx_word' id='word_1_624' title='bbox 1309 4663 1419 4719; x_wconf 81' lang='lat' dir='ltr'>caecitas</span> <span class='ocrx_word' id='word_1_625' title='bbox 1431 4663 1531 4732; x_wconf 88' lang='lat' dir='ltr'>cordis,</span> <span class='ocrx_word' id='word_1_626' title='bbox 1549 4666 1669 4720; x_wconf 81' lang='lat' dir='ltr'>neretum</span> <span class='ocrx_word' id='word_1_627' title='bbox 1694 4678 1769 4730; x_wconf 79' lang='lat' dir='ltr'>sirau,</span> 
     </span>
     <span class='ocr_line' id='line_1_49' title="bbox 114 4755 1769 4830; baseline 0.002 -18"><span class='ocrx_word' id='word_1_628' title='bbox 114 4757 212 4813; x_wconf 79' lang='lat' dir='ltr'>centias</span> <span class='ocrx_word' id='word_1_629' title='bbox 237 4760 387 4826; x_wconf 81' lang='lat' dir='ltr'>staturalis,</span> <span class='ocrx_word' id='word_1_630' title='bbox 401 4759 466 4815; x_wconf 91' lang='lat' dir='ltr'>dum</span> <span class='ocrx_word' id='word_1_631' title='bbox 486 4760 514 4815; x_wconf 92' lang='lat' dir='ltr'>in</span> <span class='ocrx_word' id='word_1_632' title='bbox 536 4757 626 4830; x_wconf 84' lang='lat' dir='ltr'>rnajus</span> <span class='ocrx_word' id='word_1_633' title='bbox 646 4759 751 4815; x_wconf 90' lang='lat' dir='ltr'>erroris</span> <span class='ocrx_word' id='word_1_634' title='bbox 761 4757 803 4814; x_wconf 89' lang='lat' dir='ltr'>sui</span> <span class='ocrx_word' id='word_1_635' title='bbox 816 4758 917 4814; x_wconf 86' lang='lat' dir='ltr'>malurn</span> <span class='ocrx_word' id='word_1_636' title='bbox 971 4766 1048 4812; x_wconf 89' lang='lat' dir='ltr'>recte</span> <span class='ocrx_word' id='word_1_637' title='bbox 1072 4757 1225 4813; x_wconf 83' lang='lat' dir='ltr'>exteriores</span> <span class='ocrx_word' id='word_1_638' title='bbox 1248 4755 1381 4821; x_wconf 83' lang='lat' dir='ltr'>teuebno,</span> <span class='ocrx_word' id='word_1_639' title='bbox 1403 4770 1493 4827; x_wconf 79' lang='lat' dir='ltr'>poeuae</span> <span class='ocrx_word' id='word_1_640' title='bbox 1517 4755 1714 4828; x_wconf 82' lang='lat' dir='ltr'>intelliguntur.</span> <span class='ocrx_word' id='word_1_641' title='bbox 1735 4759 1769 4815; x_wconf 88' lang='lat' dir='ltr'>lit</span> 
     </span>
     <span class='ocr_line' id='line_1_50' title="bbox 114 4847 1771 4923; baseline 0.002 -20"><span class='ocrx_word' id='word_1_642' title='bbox 114 4851 297 4918; x_wconf 83' lang='lat' dir='ltr'>pertrnlrunt,</span> <span class='ocrx_word' id='word_1_643' title='bbox 315 4850 453 4923; x_wconf 72' lang='lat' dir='ltr'>predictis</span> <span class='ocrx_word' id='word_1_644' title='bbox 467 4851 546 4907; x_wconf 87' lang='lat' dir='ltr'>bonis</span> <span class='ocrx_word' id='word_1_645' title='bbox 558 4851 756 4922; x_wconf 79' lang='lat' dir='ltr'>spoliaverunt.</span> <span class='ocrx_word' id='word_1_646' title='bbox 970 4847 1056 4920; x_wconf 86' lang='lat' dir='ltr'>iniqui</span> <span class='ocrx_word' id='word_1_647' title='bbox 1077 4848 1112 4905; x_wconf 92' lang='lat' dir='ltr'>de</span> <span class='ocrx_word' id='word_1_648' title='bbox 1131 4858 1306 4919; x_wconf 87' lang='lat' dir='ltr'>peccatorum</span> <span class='ocrx_word' id='word_1_649' title='bbox 1321 4864 1431 4905; x_wconf 88' lang='lat' dir='ltr'>suorum</span> <span class='ocrx_word' id='word_1_650' title='bbox 1447 4850 1579 4918; x_wconf 83' lang='lat' dir='ltr'>tenebris,</span> <span class='ocrx_word' id='word_1_651' title='bbox 1594 4851 1627 4904; x_wconf 85' lang='lat' dir='ltr'>nil</span> <span class='ocrx_word' id='word_1_652' title='bbox 1652 4861 1771 4908; x_wconf 87' lang='lat' dir='ltr'>tormen·</span> 
     </span>
    </p>

    <p class='ocr_par' dir='ltr' id='par_1_7' title="bbox 111 4942 1822 5763">
     <span class='ocr_line' id='line_1_51' title="bbox 147 4942 1770 5018; baseline 0 -18"><span class='ocrx_word' id='word_1_653' title='bbox 147 4943 241 5004; x_wconf 84' lang='lat' dir='ltr'>Nudie</span> <span class='ocrx_word' id='word_1_654' title='bbox 258 4955 284 5002; x_wconf 87' lang='lat' dir='ltr'>et</span> <span class='ocrx_word' id='word_1_655' title='bbox 296 4947 474 5003; x_wconf 80' lang='lat' dir='ltr'>incedentibus</span> <span class='ocrx_word' id='word_1_656' title='bbox 486 4946 581 5018; x_wconf 83' lang='lat' dir='ltr'>abague</span> <span class='ocrx_word' id='word_1_657' title='bbox 593 4945 694 5016; x_wconf 86' lang='lat' dir='ltr'>uestitu,</span> <span class='ocrx_word' id='word_1_658' title='bbox 708 4953 732 5000; x_wconf 87' lang='lat' dir='ltr'>et</span> <span class='ocrx_word' id='word_1_659' title='bbox 745 4943 919 5000; x_wconf 80' lang='lat' dir='ltr'>esurientibus</span> <span class='ocrx_word' id='word_1_660' title='bbox 970 4953 1060 5000; x_wconf 88' lang='lat' dir='ltr'>torum</span> <span class='ocrx_word' id='word_1_661' title='bbox 1074 4943 1202 5001; x_wconf 85' lang='lat' dir='ltr'>tenebras</span> <span class='ocrx_word' id='word_1_662' title='bbox 1215 4942 1397 5014; x_wconf 85' lang='lat' dir='ltr'>projiciuntur</span> <span class='ocrx_word' id='word_1_663' title='bbox 1412 4959 1419 4997; x_wconf 77' lang='grc' dir='ltr'>ι</span> <span class='ocrx_word' id='word_1_664' title='bbox 1443 4943 1483 4999; x_wconf 88' lang='lat' dir='ltr'>sic</span> <span class='ocrx_word' id='word_1_665' title='bbox 1503 4944 1577 4998; x_wconf 84' lang='lat' dir='ltr'>lintris</span> <span class='ocrx_word' id='word_1_666' title='bbox 1597 4953 1625 4999; x_wconf 89' lang='lat' dir='ltr'>et</span> <span class='ocrx_word' id='word_1_667' title='bbox 1640 4944 1707 5000; x_wconf 87' lang='lat' dir='ltr'>foris</span> <span class='ocrx_word' id='word_1_668' title='bbox 1722 4944 1770 5001; x_wconf 81' lang='lat' dir='ltr'>uei</span> 
     </span>
     <span class='ocr_line' id='line_1_52' title="bbox 114 5036 1769 5113; baseline 0.002 -24"><span class='ocrx_word' id='word_1_669' title='bbox 114 5037 231 5094; x_wconf 87' lang='lat' dir='ltr'>tulerunt</span> <span class='ocrx_word' id='word_1_670' title='bbox 246 5040 348 5113; x_wconf 85' lang='lat' dir='ltr'>epicos.</span> <span class='ocrx_word' id='word_1_671' title='bbox 365 5039 449 5095; x_wconf 79' lang='lat' dir='ltr'>bulis</span> <span class='ocrx_word' id='word_1_672' title='bbox 467 5040 530 5108; x_wconf 90' lang='lat' dir='ltr'>lide,</span> <span class='ocrx_word' id='word_1_673' title='bbox 544 5039 648 5110; x_wconf 87' lang='lat' dir='ltr'>lleique</span> <span class='ocrx_word' id='word_1_674' title='bbox 665 5036 789 5094; x_wconf 86' lang='lat' dir='ltr'>custodia</span> <span class='ocrx_word' id='word_1_675' title='bbox 804 5036 919 5092; x_wconf 88' lang='lat' dir='ltr'>dcstitu-</span> <span class='ocrx_word' id='word_1_676' title='bbox 970 5038 1106 5094; x_wconf 81' lang='lat' dir='ltr'>seruientia</span> <span class='ocrx_word' id='word_1_677' title='bbox 1120 5047 1311 5094; x_wconf 80' lang='lat' dir='ltr'>connominato</span> <span class='ocrx_word' id='word_1_678' title='bbox 1322 5052 1415 5093; x_wconf 86' lang='lat' dir='ltr'>coram</span> <span class='ocrx_word' id='word_1_679' title='bbox 1428 5039 1535 5108; x_wconf 81' lang='lat' dir='ltr'>angelis</span> <span class='ocrx_word' id='word_1_680' title='bbox 1549 5038 1607 5099; x_wconf 83' lang='lat' dir='ltr'>lici.</span> <span class='ocrx_word' id='word_1_681' title='bbox 1621 5039 1769 5094; x_wconf 89' lang='lat' dir='ltr'>induuntur</span> 
     </span>
     <span class='ocr_line' id='line_1_53' title="bbox 111 5127 1770 5203; baseline 0.002 -19"><span class='ocrx_word' id='word_1_682' title='bbox 111 5127 158 5197; x_wconf 90' lang='lat' dir='ltr'>tis,</span> <span class='ocrx_word' id='word_1_683' title='bbox 177 5131 351 5188; x_wconf 82' lang='lat' dir='ltr'>uestimenta</span> <span class='ocrx_word' id='word_1_684' title='bbox 374 5146 483 5203; x_wconf 85' lang='lat' dir='ltr'>quoque</span> <span class='ocrx_word' id='word_1_685' title='bbox 498 5131 569 5202; x_wconf 87' lang='lat' dir='ltr'>spei,</span> <span class='ocrx_word' id='word_1_686' title='bbox 594 5137 623 5186; x_wconf 90' lang='lat' dir='ltr'>et</span> <span class='ocrx_word' id='word_1_687' title='bbox 641 5128 784 5185; x_wconf 81' lang='lat' dir='ltr'>clamitatis</span> <span class='ocrx_word' id='word_1_688' title='bbox 807 5127 918 5196; x_wconf 79' lang='lat' dir='ltr'>divine,</span> <span class='ocrx_word' id='word_1_689' title='bbox 971 5131 1044 5188; x_wconf 89' lang='lat' dir='ltr'>sicut</span> <span class='ocrx_word' id='word_1_690' title='bbox 1058 5131 1181 5202; x_wconf 87' lang='lat' dir='ltr'>diploide</span> <span class='ocrx_word' id='word_1_691' title='bbox 1190 5129 1351 5189; x_wconf 78' lang='lat' dir='ltr'>confusione</span> <span class='ocrx_word' id='word_1_692' title='bbox 1363 5132 1551 5202; x_wconf 83' lang='lat' dir='ltr'>sua.0nagros</span> <span class='ocrx_word' id='word_1_693' title='bbox 1563 5147 1626 5186; x_wconf 81' lang='lat' dir='ltr'>reru</span> <span class='ocrx_word' id='word_1_694' title='bbox 1640 5131 1770 5203; x_wconf 79' lang='lat' dir='ltr'>quicom-</span> 
     </span>
     <span class='ocr_line' id='line_1_54' title="bbox 112 5221 1767 5300; baseline 0 -20"><span class='ocrx_word' id='word_1_695' title='bbox 112 5233 339 5298; x_wconf 74' lang='lat' dir='ltr'>caeierarumque</span> <span class='ocrx_word' id='word_1_696' title='bbox 364 5225 496 5282; x_wconf 82' lang='lat' dir='ltr'>uirtutum</span> <span class='ocrx_word' id='word_1_697' title='bbox 518 5223 649 5282; x_wconf 84' lang='lat' dir='ltr'>excubias</span> <span class='ocrx_word' id='word_1_698' title='bbox 668 5239 724 5280; x_wconf 93' lang='lat' dir='ltr'>nou</span> <span class='ocrx_word' id='word_1_699' title='bbox 745 5221 919 5290; x_wconf 79' lang='lat' dir='ltr'>larabentibus,</span> <span class='ocrx_word' id='word_1_700' title='bbox 972 5236 1116 5284; x_wconf 86' lang='lat' dir='ltr'>inurantur</span> <span class='ocrx_word' id='word_1_701' title='bbox 1128 5227 1155 5282; x_wconf 92' lang='lat' dir='ltr'>in</span> <span class='ocrx_word' id='word_1_702' title='bbox 1167 5226 1278 5285; x_wconf 87' lang='lat' dir='ltr'>deserto</span> <span class='ocrx_word' id='word_1_703' title='bbox 1293 5243 1302 5283; x_wconf 77' lang='grc' dir='ltr'>ι</span> <span class='ocrx_word' id='word_1_704' title='bbox 1319 5241 1439 5300; x_wconf 83' lang='lat' dir='ltr'>paganos</span> <span class='ocrx_word' id='word_1_705' title='bbox 1454 5241 1578 5298; x_wconf 79' lang='lat' dir='ltr'>nurusque</span> <span class='ocrx_word' id='word_1_706' title='bbox 1591 5239 1686 5281; x_wconf 85' lang='lat' dir='ltr'>errore</span> <span class='ocrx_word' id='word_1_707' title='bbox 1701 5242 1767 5298; x_wconf 86' lang='lat' dir='ltr'>gen-</span> 
     </span>
     <span class='ocr_line' id='line_1_55' title="bbox 112 5302 1822 5390; baseline 0.002 -16"><span class='ocrx_word' id='word_1_708' title='bbox 112 5313 214 5386; x_wconf 81' lang='lat' dir='ltr'>guibus</span> <span class='ocrx_word' id='word_1_709' title='bbox 228 5302 336 5376; x_wconf 82' lang='lat' dir='ltr'>animae</span> <span class='ocrx_word' id='word_1_710' title='bbox 349 5327 518 5375; x_wconf 88' lang='lat' dir='ltr'>exornantur</span> <span class='ocrx_word' id='word_1_711' title='bbox 533 5335 539 5373; x_wconf 84' lang='grc' dir='ltr'>ι</span> <span class='ocrx_word' id='word_1_712' title='bbox 559 5318 642 5374; x_wconf 88' lang='lat' dir='ltr'>etium</span> <span class='ocrx_word' id='word_1_713' title='bbox 661 5317 764 5388; x_wconf 87' lang='lat' dir='ltr'>spicas,</span> <span class='ocrx_word' id='word_1_714' title='bbox 780 5314 922 5387; x_wconf 85' lang='lat' dir='ltr'>inquibus</span> <span class='ocrx_word' id='word_1_715' title='bbox 975 5318 1093 5387; x_wconf 83' lang='lat' dir='ltr'>tilitatis,</span> <span class='ocrx_word' id='word_1_716' title='bbox 1107 5318 1153 5389; x_wconf 86' lang='lat' dir='ltr'>qui</span> <span class='ocrx_word' id='word_1_717' title='bbox 1167 5319 1194 5374; x_wconf 92' lang='lat' dir='ltr'>iu</span> <span class='ocrx_word' id='word_1_718' title='bbox 1208 5318 1320 5375; x_wconf 87' lang='lat' dir='ltr'>deserto</span> <span class='ocrx_word' id='word_1_719' title='bbox 1333 5333 1407 5374; x_wconf 81' lang='lat' dir='ltr'>terne</span> <span class='ocrx_word' id='word_1_720' title='bbox 1422 5318 1562 5390; x_wconf 88' lang='lat' dir='ltr'>religionis</span> <span class='ocrx_word' id='word_1_721' title='bbox 1574 5329 1650 5386; x_wconf 91' lang='lat' dir='ltr'>sunt,</span> <span class='ocrx_word' id='word_1_722' title='bbox 1667 5322 1771 5378; x_wconf 88' lang='lat' dir='ltr'>intelli·</span> <span class='ocrx_word' id='word_1_723' title='bbox 1819 5369 1822 5372; x_wconf 89' lang='lat'>.</span> 
     </span>
     <span class='ocr_line' id='line_1_56' title="bbox 113 5407 1772 5484; baseline 0.004 -20"><span class='ocrx_word' id='word_1_724' title='bbox 113 5407 241 5465; x_wconf 87' lang='lat' dir='ltr'>diuinam</span> <span class='ocrx_word' id='word_1_725' title='bbox 265 5410 394 5466; x_wconf 83' lang='lat' dir='ltr'>nouitium</span> <span class='ocrx_word' id='word_1_726' title='bbox 414 5411 574 5481; x_wconf 87' lang='lat' dir='ltr'>adopertum</span> <span class='ocrx_word' id='word_1_727' title='bbox 590 5409 707 5475; x_wconf 90' lang='lat' dir='ltr'>babent,</span> <span class='ocrx_word' id='word_1_728' title='bbox 722 5409 893 5466; x_wconf 84' lang='lat' dir='ltr'>abstulerunt</span> <span class='ocrx_word' id='word_1_729' title='bbox 913 5425 920 5464; x_wconf 83' lang='grc' dir='ltr'>ι</span> <span class='ocrx_word' id='word_1_730' title='bbox 974 5426 1040 5483; x_wconf 88' lang='lat' dir='ltr'>gere</span> <span class='ocrx_word' id='word_1_731' title='bbox 1054 5424 1214 5481; x_wconf 80' lang='lat' dir='ltr'>possumuS,</span> <span class='ocrx_word' id='word_1_732' title='bbox 1229 5426 1263 5468; x_wconf 91' lang='lat' dir='ltr'>eo</span> <span class='ocrx_word' id='word_1_733' title='bbox 1285 5411 1357 5482; x_wconf 87' lang='lat' dir='ltr'>quod</span> <span class='ocrx_word' id='word_1_734' title='bbox 1378 5411 1443 5482; x_wconf 83' lang='lat' dir='ltr'>jugo</span> <span class='ocrx_word' id='word_1_735' title='bbox 1458 5422 1543 5467; x_wconf 72' lang='lat' dir='ltr'>certae</span> <span class='ocrx_word' id='word_1_736' title='bbox 1562 5411 1703 5484; x_wconf 87' lang='lat' dir='ltr'>religionis</span> <span class='ocrx_word' id='word_1_737' title='bbox 1718 5433 1772 5472; x_wconf 84' lang='lat' dir='ltr'>nam</span> 
     </span>
     <span class='ocr_line' id='line_1_57' title="bbox 113 5495 1770 5576; baseline 0.004 -20"><span class='ocrx_word' id='word_1_738' title='bbox 113 5516 147 5558; x_wconf 90' lang='lat' dir='ltr'>nc</span> <span class='ocrx_word' id='word_1_739' title='bbox 162 5495 328 5561; x_wconf 82' lang='lat' dir='ltr'>esurientes</span> <span class='ocrx_word' id='word_1_740' title='bbox 338 5505 484 5559; x_wconf 89' lang='lat' dir='ltr'>scientium</span> <span class='ocrx_word' id='word_1_741' title='bbox 496 5503 544 5560; x_wconf 79' lang='lat' dir='ltr'>liei</span> <span class='ocrx_word' id='word_1_742' title='bbox 557 5545 566 5572; x_wconf 95' lang='lat'>‚</span> <span class='ocrx_word' id='word_1_743' title='bbox 577 5501 740 5576; x_wconf 81' lang='lat' dir='ltr'>qnorudouue</span> <span class='ocrx_word' id='word_1_744' title='bbox 753 5511 857 5558; x_wconf 90' lang='lat' dir='ltr'>retecto</span> <span class='ocrx_word' id='word_1_745' title='bbox 876 5515 924 5557; x_wconf 83' lang='lat' dir='ltr'>ve-</span> <span class='ocrx_word' id='word_1_746' title='bbox 976 5502 1183 5559; x_wconf 84' lang='lat' dir='ltr'>eoutineontur.</span> <span class='ocrx_word' id='word_1_747' title='bbox 1197 5500 1230 5557; x_wconf 86' lang='lat' dir='ltr'>tlt</span> <span class='ocrx_word' id='word_1_748' title='bbox 1246 5502 1329 5575; x_wconf 87' lang='lat' dir='ltr'>igitur</span> <span class='ocrx_word' id='word_1_749' title='bbox 1341 5499 1521 5572; x_wconf 86' lang='lat' dir='ltr'>egrediuntur</span> <span class='ocrx_word' id='word_1_750' title='bbox 1535 5501 1568 5558; x_wconf 82' lang='lat' dir='ltr'>ad</span> <span class='ocrx_word' id='word_1_751' title='bbox 1589 5517 1658 5575; x_wconf 89' lang='lat' dir='ltr'>opus</span> <span class='ocrx_word' id='word_1_752' title='bbox 1680 5522 1770 5563; x_wconf 85' lang='lat' dir='ltr'>suom.</span> 
     </span>
     <span class='ocr_line' id='line_1_58' title="bbox 114 5592 1776 5671; baseline 0.004 -20"><span class='ocrx_word' id='word_1_753' title='bbox 114 5593 233 5668; x_wconf 83' lang='lat' dir='ltr'>famine,</span> <span class='ocrx_word' id='word_1_754' title='bbox 251 5607 368 5670; x_wconf 84' lang='lat' dir='ltr'>possent</span> <span class='ocrx_word' id='word_1_755' title='bbox 390 5597 476 5670; x_wconf 88' lang='lat' dir='ltr'>ipsam</span> <span class='ocrx_word' id='word_1_756' title='bbox 498 5597 598 5654; x_wconf 88' lang='lat' dir='ltr'>nudam</span> <span class='ocrx_word' id='word_1_757' title='bbox 624 5597 765 5654; x_wconf 84' lang='lat' dir='ltr'>ueritatem</span> <span class='ocrx_word' id='word_1_758' title='bbox 787 5606 923 5667; x_wconf 83' lang='lat' dir='ltr'>tamquam</span> <span class='ocrx_word' id='word_1_759' title='bbox 978 5593 1077 5667; x_wconf 84' lang='lat' dir='ltr'>ligredi</span> <span class='ocrx_word' id='word_1_760' title='bbox 1101 5609 1219 5665; x_wconf 86' lang='lat' dir='ltr'>namque</span> <span class='ocrx_word' id='word_1_761' title='bbox 1234 5593 1370 5658; x_wconf 91' lang='lat' dir='ltr'>dicuntur,</span> <span class='ocrx_word' id='word_1_762' title='bbox 1387 5592 1496 5662; x_wconf 79' lang='lat' dir='ltr'>oriundo</span> <span class='ocrx_word' id='word_1_763' title='bbox 1515 5593 1629 5653; x_wconf 83' lang='lat' dir='ltr'>adeetus</span> <span class='ocrx_word' id='word_1_764' title='bbox 1646 5614 1711 5655; x_wconf 80' lang='lat' dir='ltr'>suos</span> <span class='ocrx_word' id='word_1_765' title='bbox 1727 5616 1776 5671; x_wconf 88' lang='lat' dir='ltr'>per</span> 
     </span>
     <span class='ocr_line' id='line_1_59' title="bbox 112 5687 1774 5763; baseline 0.004 -20"><span class='ocrx_word' id='word_1_766' title='bbox 112 5701 218 5760; x_wconf 86' lang='lat' dir='ltr'>panem</span> <span class='ocrx_word' id='word_1_767' title='bbox 229 5689 373 5748; x_wconf 78' lang='lat' dir='ltr'>alimonie</span> <span class='ocrx_word' id='word_1_768' title='bbox 384 5689 478 5746; x_wconf 85' lang='lat' dir='ltr'>vitalis</span> <span class='ocrx_word' id='word_1_769' title='bbox 490 5691 627 5763; x_wconf 90' lang='lat' dir='ltr'>accipere.</span> <span class='ocrx_word' id='word_1_770' title='bbox 979 5688 1119 5746; x_wconf 87' lang='lat' dir='ltr'>doctrinas</span> <span class='ocrx_word' id='word_1_771' title='bbox 1134 5701 1232 5759; x_wconf 86' lang='lat' dir='ltr'>prauus</span> <span class='ocrx_word' id='word_1_772' title='bbox 1244 5688 1270 5742; x_wconf 92' lang='lat' dir='ltr'>in</span> <span class='ocrx_word' id='word_1_773' title='bbox 1283 5702 1330 5744; x_wconf 84' lang='lat' dir='ltr'>eos</span> <span class='ocrx_word' id='word_1_774' title='bbox 1343 5701 1411 5756; x_wconf 82' lang='lat' dir='ltr'>ortos</span> <span class='ocrx_word' id='word_1_775' title='bbox 1423 5687 1558 5745; x_wconf 88' lang='lat' dir='ltr'>seducunt</span> <span class='ocrx_word' id='word_1_776' title='bbox 1567 5691 1726 5749; x_wconf 86' lang='lat' dir='ltr'>ostendunt.</span> <span class='ocrx_word' id='word_1_777' title='bbox 1737 5696 1774 5750; x_wconf 85' lang='lat' dir='ltr'>lta</span> 
     </span>
    </p>

    <p class='ocr_par' dir='ltr' id='par_1_8' title="bbox 151 5779 1781 5854">
     <span class='ocr_line' id='line_1_60' title="bbox 151 5779 1781 5854; baseline 0.007 -17"><span class='ocrx_word' id='word_1_778' title='bbox 151 5781 234 5840; x_wconf 83' lang='lat' dir='ltr'>inter</span> <span class='ocrx_word' id='word_1_779' title='bbox 247 5799 355 5852; x_wconf 79' lang='lat' dir='ltr'>necnon</span> <span class='ocrx_word' id='word_1_780' title='bbox 369 5800 458 5840; x_wconf 80' lang='lat' dir='ltr'>eninm</span> <span class='ocrx_word' id='word_1_781' title='bbox 472 5785 599 5838; x_wconf 78' lang='lat' dir='ltr'>meridiari</span> <span class='ocrx_word' id='word_1_782' title='bbox 608 5793 679 5850; x_wconf 79' lang='lat' dir='ltr'>sunt,</span> <span class='ocrx_word' id='word_1_783' title='bbox 695 5784 740 5854; x_wconf 83' lang='lat' dir='ltr'>qui</span> <span class='ocrx_word' id='word_1_784' title='bbox 751 5782 857 5838; x_wconf 79' lang='lat' dir='ltr'>rabolis</span> <span class='ocrx_word' id='word_1_785' title='bbox 871 5795 923 5838; x_wconf 87' lang='lat' dir='ltr'>tor·</span> <span class='ocrx_word' id='word_1_786' title='bbox 981 5784 1055 5841; x_wconf 88' lang='lat' dir='ltr'>enim</span> <span class='ocrx_word' id='word_1_787' title='bbox 1074 5781 1151 5840; x_wconf 90' lang='lat' dir='ltr'>omni</span> <span class='ocrx_word' id='word_1_788' title='bbox 1165 5781 1277 5842; x_wconf 76' lang='lat' dir='ltr'>solania</span> <span class='ocrx_word' id='word_1_789' title='bbox 1291 5779 1484 5852; x_wconf 85' lang='lat' dir='ltr'>depraedantur</span> <span class='ocrx_word' id='word_1_790' title='bbox 1503 5799 1585 5854; x_wconf 84' lang='lat' dir='ltr'>uagas</span> <span class='ocrx_word' id='word_1_791' title='bbox 1606 5801 1699 5844; x_wconf 87' lang='lat' dir='ltr'>errore</span> <span class='ocrx_word' id='word_1_792' title='bbox 1721 5792 1781 5848; x_wconf 85' lang='lat' dir='ltr'>uni·</span> 
     </span>
    </p>
   </div>
   <div class='ocr_carea' id='block_1_5' title="bbox 328 5876 1560 5942">
    <p class='ocr_par' dir='ltr' id='par_1_9' title="bbox 328 5876 1560 5942">
     <span class='ocr_line' id='line_1_61' title="bbox 328 5876 1560 5942; baseline -0.003 -1"><span class='ocrx_word' id='word_1_793' title='bbox 328 5878 467 5941; x_wconf 80' lang='lat' dir='ltr'>Parnon.</span> <span class='ocrx_word' id='word_1_794' title='bbox 491 5876 609 5942; x_wconf 79' lang='lat' dir='ltr'>XXVI.</span> <span class='ocrx_word' id='word_1_795' title='bbox 1519 5876 1560 5937; x_wconf 67' lang='lat' dir='ltr'>ii</span> 
     </span>
    </p>
   </div>
   <div class='ocr_carea' id='block_1_6' title="bbox 0 0 2004 6329">
    <p class='ocr_par' dir='ltr' id='par_1_10' title="bbox 0 0 2004 6329">
     <span class='ocr_line' id='line_1_62' title="bbox 0 0 2004 6329; baseline 0 0"><span class='ocrx_word' id='word_1_796' title='bbox 0 0 2004 6329; x_wconf 95' lang='lat' dir='ltr'> </span> 
     </span>
    </p>
   </div>
  </div>
 </body>
</html>
