4000 6334
251 252 320 317 tuot
625 251 804 317 'APPENDIX
823 254 870 319 Ab
888 252 1013 319 tibull
1031 251 1210 319 seetlbtttt
1230 252 1262 317 S.
1283 254 1480 317 utenottnttt.
1829 248 1887 315 litt

250 370 334 430 nullis
349 368 457 442 penitus
467 370 649 444 distinguitur
661 373 805 431 membris.
823 375 874 444 Qui
887 382 1051 446 exasperant,
1066 372 1180 437 Aruut.
1195 372 1261 429 Cnnr
1275 373 1369 430 birris.
1382 374 1433 441 Qui
1448 376 1509 444 post
1523 377 1667 441 peceatum
1679 364 1821 436 mnvsrst,
1831 367 1888 426 urte-

250 462 986 539 uoneaaltentnrinsernetipsis..lodtulscilicet,dum
1002 482 1052 539 per
1103 468 1166 524 liter
1189 467 1217 525 iu
1241 468 1374 540 martyrio
1399 466 1589 537 perstiterunt.
1612 462 1663 521 llic
1686 470 1780 519 autem
1806 476 1887 521 omncs
1974 509 1975 522 ,

249 557 326 614 sellis
340 558 551 615 amaritudinem
572 560 600 615 in
626 560 742 617 Abrabae
768 560 910 618 nativitate
924 561 1049 631 carnali,
1103 559 1220 618 Domino
1241 577 1289 634 per
1302 560 1495 618 holocaustum
1509 558 1653 631 pacificum
1667 558 1822 615 olleruatur
1837 577 1843 610 ι
1860 558 1888 615 ad

161 698 162 701 ,
248 652 298 709 lici
314 650 430 723 gloriam
452 651 612 721 collocant,
636 668 744 723 semper
759 653 947 711 humiliantur.
964 654 1052 712 later·
1101 669 1172 727 quos
1191 668 1264 711 nuuc
1288 653 1424 727 propbeta
1441 661 1503 725 post
1517 650 1668 725 diapsalma
1690 648 1888 707 convertisset·

247 744 331 814 iectio
345 744 533 816 diapsalmatis
546 744 670 803 ordinem
686 746 823 805 dictorum
837 745 975 815 irnmutat,
990 756 1020 802 ει
1034 764 1050 802 ε
1102 762 1224 816 monem,
1241 746 1337 803 diceas
1352 762 1360 801 a

246 836 408 909 prophetica
426 836 647 906 vaticinatione,
671 838 705 895 ad
726 839 906 912 apostolicam
932 849 1052 896 transeat
1141 838 1246 909 Venite,
1267 846 1293 895 et
1306 837 1413 907 cudite,
1437 846 1462 893 ει
1478 838 1611 906 narrabo,
1638 852 1726 892 carnes
1745 836 1792 909 psi
1806 835 1889 893 sinetis

248 928 478 989 cxltortationem.
1102 933 1201 1004 Deum,
1225 942 1325 1005 quante
1341 932 1404 1003 feeit
1418 933 1515 989 unintoe
1527 949 1601 989 meto.
1614 931 1656 987 ild
1675 932 1764 1004 ipsum
1779 948 1824 987 ore
1841 948 1890 987 ntea

284 1020 559 1097 benedictiuncula,
574 1022 716 1082 Dominum
728 1026 812 1083 ileum
822 1038 950 1095 nostrum,
964 1038 988 1083 et
1001 1045 1051 1083 cu·
1100 1025 1439 1096 cicaroni,eteesttitonisuit
1453 1026 1544 1100 iinpuu
1558 1043 1625 1084 uteo.
1632 1024 1689 1083 Vos
1701 1026 1748 1097 aui
1756 1026 1889 1082 bominum

247 1116 331 1173 ditent
346 1119 425 1190 facite
439 1134 526 1175 nocent
541 1120 629 1175 leudis
650 1123 719 1192 ejus.
736 1120 862 1193 Apostoli
877 1122 936 1178 bac
951 1121 1052 1194 praedi·
1100 1124 1233 1190 metuitis,
1261 1122 1384 1179 accedite
1406 1132 1435 1179 ct
1446 1121 1623 1179 considerate
1645 1121 1764 1193 qualiter
1780 1120 1889 1176 aninum

245 1222 332 1281 caut,
363 1222 392 1270 ut
419 1214 508 1285 ipsum
538 1214 704 1271 benedicant
722 1227 819 1287 gentes
842 1216 1050 1288 beumzqucm
1101 1232 1190 1274 nicam
1210 1214 1452 1273 iubeatitudinem
1476 1214 1657 1271 constituerit
1677 1214 1888 1284 sempiternam:

245 1308 328 1365 iidem
350 1306 471 1380 apostoli
489 1306 585 1364 dicunt
602 1323 703 1377 snum,
730 1308 935 1382 obaudiaottpne
958 1309 1050 1380 ipsum
1100 1324 1151 1382 pro
1166 1323 1201 1365 eo
1215 1306 1289 1381 qttod
1303 1322 1358 1365 non
1377 1307 1465 1365 solnm
1477 1322 1527 1365 ore
1545 1306 1674 1379 postulo,
1700 1305 1750 1364 sed
1774 1306 1854 1363 etiam
1865 1307 1890 1363 iu

244 1404 272 1460 in
295 1418 378 1475 quem
400 1413 466 1460 suut
487 1402 575 1461 renati
598 1418 648 1475 per
669 1404 846 1475 baptismum.
861 1404 931 1461 llinc
947 1404 1048 1461 iterum
1100 1400 1210 1458 arcanis
1224 1398 1315 1457 cordis
1328 1400 1387 1472 puri
1400 1399 1518 1457 clamavi
1536 1399 1570 1455 ad
1585 1398 1743 1457 borninum.
1760 1400 1802 1455 tu
1815 1400 1889 1471 ipsun

244 1497 380 1569 propbeta
393 1496 526 1569 loquitor.
1100 1513 1145 1553 ote
1160 1512 1218 1553 nnec
1242 1496 1352 1551 clanaei
1371 1511 1381 1549 .·
1396 1494 1618 1552 manifestissime
1638 1493 1795 1552 declaratas·
1807 1494 1834 1550 iu
1845 1494 1890 1551 bor

280 1593 332 1660 Qui
354 1592 441 1665 posuit
459 1592 576 1647 oninium
590 1608 674 1649 means
688 1593 723 1649 ed
738 1591 816 1648 nitunt
830 1608 839 1646 :
855 1591 895 1649 Ne
909 1607 969 1649 cam
985 1605 1049 1663 per·
1099 1588 1161 1646 loco
1174 1590 1321 1646 clamorem
1338 1587 1367 1644 in
1382 1587 1533 1660 Scriptnris
1548 1602 1602 1645 oon
1617 1588 1697 1645 vocis
1708 1587 1888 1661 accipiendum

240 1696 324 1759 petua
339 1692 517 1742 consumeret
543 1700 631 1743 mors.
647 1686 722 1742 llors
741 1686 845 1743 occidit
859 1694 996 1755 mortem,
1020 1683 1047 1740 id
1098 1695 1180 1747 esse,
1194 1679 1243 1738 sed
1255 1681 1359 1737 cordis.

243 1792 303 1851 est,
321 1796 396 1839 mors
416 1779 519 1837 Gbristi
546 1781 647 1837 occidit
661 1790 777 1838 mortem
792 1788 926 1838 nostram.
943 1779 978 1834 Ει
993 1765 1085 1835 nonB
1135 1773 1304 1847 iniquitaten
1321 1774 1345 1829 si
1364 1775 1454 1847 aspexi
1467 1775 1496 1830 in
1509 1776 1588 1832 ende
1610 1791 1669 1832 ntea
1683 1789 1693 1831 .·
1707 1791 1760 1833 non
1777 1777 1888 1833 aaudiat

243 1875 315 1932 dedit
333 1874 361 1929 in
374 1871 572 1929 rountotiouent
586 1874 664 1947 peden
685 1890 766 1931 meos.
782 1872 836 1932 Sed
853 1872 984 1930 stabilivit
1002 1888 1045 1930 mc
1097 1867 1238 1923 nonanus.
1254 1865 1400 1936 Propterea
1411 1868 1545 1923 ernstius
1562 1884 1603 1924 tae
1623 1866 1694 1925 Dese
1706 1885 1779 1925 meus
1794 1879 1842 1925 :et
1852 1871 1888 1925 ln-

242 1969 271 2025 in
293 1967 535 2039 praedicationibus
549 1981 617 2040 quas
631 1968 760 2041 gentibus
782 1966 873 2023 intuli.
889 1966 959 2023 lline
980 1980 1043 2023 suc·
1097 1961 1180 2018 tendit
1195 1959 1252 2015 roei
1266 1961 1393 2015 orationis
1407 1975 1480 2016 nure.
1497 1958 1559 2017 viui
1572 1960 1646 2018 enlm
1660 1962 1809 2033 puritatem
1822 1978 1888 2019 men·

242 2060 315 2119 cedit
329 2074 382 2116 von
398 2067 560 2131 martyrum.
1096 2055 1132 2112 tis
1147 2070 1226 2121 meae,
1238 2052 1303 2111 ideo
1317 2062 1412 2127 petere
1425 2054 1599 2127 praesumpsi.

280 2154 408 2223 Quoniam
420 2151 566 2224 reprobasti
579 2167 638 2219 nos,
651 2151 734 2221 bens,
745 2153 804 2224 ipae
817 2170 862 2209 nos
875 2153 1044 2221 examinasti,
1132 2146 1290 2203 benedictus
1320 2145 1459 2217 Dominus,
1487 2148 1535 2219 ptri
1556 2165 1609 2205 nen
1630 2151 1728 2208 cruorit
1753 2152 1887 2208 cretionem

238 2244 1042 2318 sisteteneminoturnrpentum,etiudum'etiuasiniuqueurn,
1095 2258 1190 2310 uteoru,
1220 2251 1244 2297 et
1270 2242 1477 2298 miscricordiam
1490 2258 1658 2299 maurotus.
1676 2244 1888 2303 Plenusmiseri·

236 2320 348 2415 pistrini
371 2338 548 2396 tribulationes
562 2340 590 2395 in
608 2339 795 2395 dorso-nostro
806 2356 816 2394 .·
828 2340 978 2413 imposuisti
997 2340 1047 2394 lro·
1096 2336 1189 2395 cordia
1203 2350 1256 2392 non
1272 2336 1374 2391 emovit
1387 2334 1610 2406 deprecationem
1632 2350 1723 2393 meam
1738 2352 1796 2393 ase
1811 2355 1818 2391 :
1832 2338 1886 2409 quia

240 2435 322 2490 ntiaes
333 2450 410 2507 super
425 2433 513 2507 capitu
528 2444 630 2491 nostra.
645 2433 675 2491 ld
689 2442 742 2502 εει,
759 2434 908 2502 diabolum,
920 2443 949 2490 ει
960 2448 1045 2505 super
1095 2445 1157 2503 quse
1164 2429 1238 2500 iusta
1253 2438 1342 2497 eraut,
1352 2426 1534 2500 postulabam.
1546 2428 1614 2485 Nam
1627 2444 1739 2503 semper
1751 2429 1805 2501 piae
1816 2445 1886 2485 sones

237 2542 290 2585 nos
303 2528 468 2598 eriperetur,
484 2528 518 2583 ad
534 2527 774 2599 probandumllel
791 2528 886 2585 aliter:
897 2528 956 2583 Non
972 2528 1046 2583 dixit
1095 2523 1155 2596 ejus
1165 2523 1301 2595 justornm
1316 2523 1445 2594 precibus
1471 2532 1575 2595 patent.
1599 2521 1655 2581 Sed
1670 2538 1721 2581 nos
1734 2524 1887 2597 suppliciter
1974 2547 1975 2550 ¹

237 2619 274 2677 de
286 2620 403 2694 angelis,
418 2635 506 2693 noque
517 2620 551 2677 de
565 2622 680 2692 sanctis,
694 2620 743 2677 sed
756 2620 792 2677 tle
803 2620 1004 2691 peecatoribus,
1017 2619 1044 2675 id
1096 2617 1241 2674 bominum
1269 2617 1458 2688 deprecemur,
1480 2624 1511 2672 ut
1535 2616 1642 2689 aperiat
1667 2632 1750 2674 aures
1771 2632 1836 2675 snas
1856 2617 1884 2675 ad

238 2720 297 2783 est,
314 2722 476 2785 peccatores
491 2713 581 2769 iecisti
595 2730 660 2771 essc
673 2728 760 2785 super
773 2722 838 2779 nos,
852 2720 883 2769 ει
898 2726 948 2769 nos
961 2712 1045 2769 susti·
1094 2727 1193 2786 preces
1206 2721 1325 2778 nostras,
1342 2720 1370 2768 ct
1380 2712 1439 2783 ipsc
1450 2726 1509 2778 nos,
1525 2711 1589 2768 data
1603 2722 1781 2784 peccatorum
1795 2711 1885 2769 remis-

237 2824 354 2867 neamus
379 2824 428 2881 pet·
450 2809 621 2880 patientiam.
639 2807 676 2867 lit
696 2807 764 2865 illud
782 2827 788 2863 :
803 2806 857 2864 Per
872 2808 973 2865 multas
995 2808 1044 2863 tri·
1095 2807 1184 2875 sione,
1199 2804 1234 2863 tle
1250 2804 1431 2877 presentibus
1443 2804 1574 2861 arumnis
1586 2804 1704 2877 eripiat:
1719 2803 1826 2877 sibique
1843 2805 1887 2860 bo-

236 2903 393 2961 bulationes
428 2909 539 2973 oportet
566 2916 617 2959 nos
652 2899 768 2958 introire
796 2900 823 2957 io
854 2916 968 2974 regnum
994 2901 1043 2959 liei
1095 2899 1247 2957 locaustum
1263 2914 1361 2970 purum
1383 2897 1506 2969 ellectos,
1527 2898 1654 2955 mactatis
1676 2898 1761 2968 vitiis,
1781 2908 1886 2956 εεειιε·
1974 2911 1975 2920 ’

238 2994 410 3069 (artari).
551 3024 554 3031 ·
1095 3009 1157 3051 rum
1170 2990 1437 3065 agminibusp'unpat.
1453 2992 1552 3050 Amen.

274 3088 452 3145 Traminimus
464 3105 509 3160 per
521 3089 608 3161 ipnem
622 3098 648 3144 et
659 3105 770 3161 munna,
793 3099 818 3145 et
832 3090 945 3148 eduxisti
956 3106 1005 3147 nos
1016 3093 1043 3147 in
1359 3108 1521 3169 pspfflps
1539 3109 1633 3169 pm

239 3184 416 3257 resripertnm.
433 3182 582 3256 Martyrum
598 3182 644 3239 hie
663 3184 785 3240 mmm
801 3183 950 3255 Vicwrias’
977 3163 1081 3257 (lunc
1097 3223 1132 3280 In
1144 3224 1234 3295 fierent,
1249 3223 1276 3279 iu
1291 3222 1416 3295 Hpmnis,
1441 3219 1568 3280 Pscintus
1593 3222 1696 3280 Conliet'
1720 3223 1816 3281 Dauid.
1840 3223 1888 3282 lsle

240 3278 267 3335 in
283 3278 402 3335 diversis
424 3276 601 3349 passionibus
617 3288 789 3347 meruerunt,
805 3288 833 3336 et
848 3279 881 3335 ad
897 3295 981 3337 unum
997 3296 1046 3337 eos
1133 3296 1256 3366 psalmus
1268 3295 1331 3352 pepp
1344 3308 1444 3365 pappus
1459 3293 1505 3361 εει,
1525 3304 1616 3353 tame„
1628 3298 1813 3368 ,pospopomm
1829 3311 1888 3369 pm.

241 3374 320 3431 ducit
336 3372 520 3444 reingerium,
535 3369 563 3426 id
586 3378 640 3433 est.
656 3370 795 3429 Christum
813 3373 957 3430 bominum
976 3393 981 3429 ε
997 3388 1047 3447 per
1132 3367 1331 3439 pictarumque
1343 3368 1466 3423 continet
1476 3380 1583 3438 vocem,
1595 3368 1641 3439 qui
1656 3376 1704 3424 aut
1714 3369 1886 3438 venisse,sut

241 3464 367 3537 laqueos·
382 3478 434 3537 W
447 3476 557 3531 cmm,
574 3477 627 3534 pel.
640 3462 771 3531 urbem,
783 3478 833 3536 per
845 3464 931 3535 ignes,
947 3476 1046 3521 mus„
1133 3449 1277 3497 uenturum
1293 3439 1439 3496 bortrinum
1453 3439 1581 3510 genitibus
1592 3439 1798 3497 mundaverunt.
1973 3509 1974 3520 2

242 3554 391 3630 questalia
404 3554 511 3613 diversa
526 3553 672 3627 supplicia,
684 3570 733 3626 per
745 3570 805 3626 quae
816 3564 845 3611 ει
855 3554 1046 3613 ΙιοΙεεεεειεεε
1132 3548 1206 3606 Deus
1216 3550 1370 3605 nrisereatnr
1393 3549 1488 3617 nostri,
1512 3558 1537 3604 et
1561 3548 1694 3607 benedicet
1707 3551 1790 3607 εειίε.
1805 3551 1888 3607 Prima
1973 3539 1974 3552 *

242 3656 384 3720 acceptum
401 3648 494 3705 ellecti
509 3657 583 3717 sunt,
608 3648 779 3719 pervenisse.
790 3646 863 3721 Ignis
874 3656 962 3717 vorat,
977 3663 1046 3721 aqua
1098 3641 1257 3715 deprecatio
1283 3652 1326 3699 εει
1351 3651 1382 3698 ει
1408 3642 1625 3699 miscricordiam
1652 3643 1773 3715 praebeat
1799 3644 1888 3700 bens:
1973 3645 1974 3710 g

244 3742 387 3799 absorbet.
403 3740 496 3813 ignis,
524 3740 641 3797 lenutio
659 3759 665 3795 :
681 3756 765 3813 aqua,
793 3741 971 3814 prosperitas.
996 3740 1048 3799 iel
1099 3736 1199 3795 deinde
1210 3735 1440 3793 benedictionem.
1453 3734 1613 3793 Benedictio
1626 3752 1694 3809 ergo
1705 3737 1891 3810 qumsaecedit
1973 3757 1974 3818 3

244 3836 336 3909 ignem
352 3834 473 3908 Spiritus
486 3834 585 3891 saneti.
603 3833 736 3891 indusiati
754 3854 802 3893 nus
820 3838 846 3892 in
859 3836 1047 3913 refriperium,
1099 3827 1380 3899 nrisericordlae‚lalis
1402 3829 1448 3899 sit,
1478 3837 1510 3885 ut
1531 3844 1692 3901 compressa
1711 3830 1892 3888 dominatione
1973 3835 1974 3840 ’

247 3932 300 3986 Ιεεε
312 3938 366 3999 εει,
382 3928 409 3984 ln
420 3926 619 3984 beatitudinem
636 3935 780 3983 uternam.
1099 3925 1213 3992 carnali,
1225 3925 1353 3997 spiritum
1376 3922 1459 3980 iaciat
1481 3923 1662 3998 triumphare.
1677 3924 1738 3981 lion
1753 3926 1840 3983 nostri
1851 3926 1890 3995 ju·

283 4019 402 4077 introibo
422 4019 450 4075 in
473 4018 579 4074 domum
591 4028 664 4074 tuom
683 4019 710 4074 in
730 4018 897 4076 lraloeeustis.
919 4020 969 4078 llic
982 4035 1049 4092 pro·
1100 4018 1152 4075 dex
1168 4018 1216 4085 sit,
1235 4018 1284 4075 sed
1296 4017 1464 4075 misericors.
1480 4016 1551 4074 lieno
1566 4020 1721 4076 misereatur
1733 4021 1823 4077 nostri
1838 4019 1892 4075 los

247 4118 328 4190 pbeta
339 4131 394 4173 oon
409 4113 484 4172 dese
499 4122 606 4169 tantum
621 4112 755 4183 loquitor,
773 4115 821 4171 sed
835 4124 862 4171 ct
877 4114 910 4171 tle
925 4114 969 4173 bis
980 4130 1050 4188 quos
1101 4113 1290 4186 apostolorum
1303 4120 1356 4182 est,
1373 4112 1540 4183 loquentium
1554 4114 1589 4169 sd
1604 4113 1713 4185 plebem
1726 4113 1892 4188 degentibus

161 4264 168 4279 ,
248 4212 374 4283 superius
385 4207 561 4274 memoravit,
577 4206 625 4279 qui
639 4206 806 4264 introierunt
818 4208 844 4263 in
858 4207 968 4264 domum
981 4208 1048 4264 bei:
1101 4214 1305 4280 congregatam.
1317 4205 1481 4263 credidistis
1490 4204 1599 4279 quidem
1609 4207 1644 4265 ad
1655 4222 1752 4265 vocem
1764 4216 1891 4265 anunm.

250 4310 282 4359 ut
295 4316 349 4357 non
363 4299 454 4357 solum
468 4313 499 4355 sc
514 4296 679 4354 exhiberent
688 4297 745 4353 lieo
758 4296 876 4353 bostiam
886 4298 987 4365 vivam,
999 4296 1050 4354 sed
1102 4300 1177 4358 Ecce
1190 4300 1249 4356 ltacc
1264 4298 1388 4357 Ecclesia
1403 4310 1569 4374 conmegata
1581 4310 1624 4359 est
1634 4301 1663 4358 in
1679 4302 1790 4361 nomine
1804 4301 1892 4359 ῐιειεί-
1972 4295 1973 4354 ξ

252 4410 280 4458 ει
294 4396 417 4469 illosqul
432 4412 528 4453 comum
543 4394 1050 4467 exemplopronominellomlnipassi
1103 4394 1130 4450 ni
1148 4409 1155 4446 ε
1170 4392 1524 4463 proptereanosdicimus:
1539 4390 1611 4449 Deus
1624 4396 1781 4450 misereatur
1801 4394 1892 4462 nostri,
1972 4417 1973 4472 ε

252 4501 317 4551 stunt
333 4507 340 4543 ι
357 4488 389 4545 Ut
402 4487 510 4543 reddum
526 4486 571 4541 tibi
584 4493 644 4541 uoto
653 4501 711 4541 mets
725 4500 736 4540 .·
749 4500 807 4555 pute
825 4484 1000 4541 distinxerunt
1012 4485 1052 4542 ie·
1103 4495 1128 4541 et
1139 4484 1274 4540 benedicet
1288 4483 1372 4540 nobis.
1384 4482 1601 4541 Maledictionum
1616 4483 1734 4557 primam
1749 4486 1777 4543 in
1789 4484 1894 4542 bomine

254 4587 296 4642 iio
308 4598 375 4639 meo.
390 4580 457 4651 Quae
470 4590 534 4636 vota
549 4578 745 4645 distinxerunt,
760 4576 814 4635 nisi
831 4585 862 4633 ut
876 4578 946 4634 alios
959 4577 1012 4635 sibi
1025 4580 1052 4634 iu
1064 4561 1093 4625 Ῐ)
1105 4594 1153 4636 sua
1166 4578 1358 4637 benedictione
1379 4579 1523 4640 dissolvat.
1546 4578 1683 4636 liiutninet
1705 4582 1805 4638 seltutn
1822 4596 1896 4635 eman
1972 4623 1973 4652 ,

254 4670 612 4749 tntvrtpriutucopolarentl
639 4669 687 4727 llel
703 4669 889 4740 promissum,
915 4677 945 4726 ut
965 4670 1052 4727 Deum
1104 4688 1247 4744 superatos.
1261 4670 1321 4728 Non
1343 4671 1419 4728 illota
1442 4672 1550 4730 tristem
1566 4671 1709 4730 rideamus
1733 4673 1760 4729 in
1783 4672 1895 4746 peccatis

254 4766 409 4834 laudemus,
426 4774 455 4821 et
469 4762 649 4819 conliteamur
661 4761 739 4817 illum
750 4770 914 4818 creatorem.
924 4761 1055 4819 Loretum
1105 4766 1218 4836 nostris,
1233 4767 1282 4823 sed
1294 4764 1457 4839 gaudentem
1473 4766 1671 4824 invirtutibus.
1687 4765 1747 4825 Noa
1765 4782 1823 4824 eum
1837 4779 1896 4822 sen·

255 4872 292 4920 est
312 4878 342 4917 os
353 4873 440 4915 avenne
453 4857 482 4911 in
496 4853 662 4911 tribulatione
682 4870 750 4911 nien.
773 4854 869 4911 Locuti
881 4865 946 4911 sunt
958 4860 1053 4923 etvlm,
1106 4858 1205 4916 tiamus
1216 4858 1349 4929 judicem,
1364 4858 1413 4917 scd
1426 4859 1546 4917 Patrem.
1562 4858 1700 4915 illuminet
1713 4859 1810 4917 usltsu
1822 4875 1896 4914 susat

256 4967 286 5014 ut
305 4964 454 5026 numquam
469 4962 520 5007 εεε
534 4957 675 5022 separaret
695 4963 712 5004 a
733 4948 869 5006 charitate
882 4947 984 5006 Ctrristi
1000 4949 1055 5006 ulla
1105 4969 1184 5024 snper
1205 4968 1264 5007 nos.
1288 4952 1336 5009 [ιεί
1363 4952 1446 5010 iacies
1461 4968 1521 5026 quae
1535 4950 1594 5009 esti
1604 4949 1706 5025 Utique
1721 4952 1807 5026 inape
1826 4952 1894 5024 ejus.

255 5046 424 5124 persecutio.
1106 5048 1178 5105 llicit
1188 5048 1261 5104 enim
1286 5054 1314 5103 ει
1336 5046 1495 5116 Apostolus,
1511 5045 1657 5119 imaginem
1671 5044 1761 5102 Patris
1780 5059 1838 5103 esse
1851 5044 1895 5100 tt·

295 5140 459 5197 lloleeuusta
472 5136 617 5193 medullato
629 5136 739 5205 eduam
753 5136 809 5193 tibi.
835 5136 928 5195 Fidem
943 5140 1051 5207 anima,
1107 5139 1173 5196 lium
1184 5137 1274 5214 (Rom.
1289 5137 1331 5212 n).
1348 5138 1421 5210 Ergo
1435 5137 1553 5211 imagine
1566 5140 1615 5195 sua
1629 5152 1679 5197 nos
1692 5138 1832 5207 illuminet,
1845 5137 1897 5195 boe

256 5238 301 5295 vel
314 5234 438 5307 corporis
451 5232 589 5297 allectum,
607 5230 651 5287 tel
663 5244 764 5303 corpus
775 5230 888 5290 Christi.
902 5232 972 5291 Ossa
985 5233 1055 5292 inle-
1106 5245 1158 5304 εει,
1175 5236 1321 5308 imaginem
1339 5248 1416 5291 snam
1430 5231 1529 5290 Filium
1543 5234 1690 5292 :illuminet
1709 5251 1785 5309 super
1799 5248 1857 5299 nos,
1868 5240 1898 5287 ut

256 5330 330 5387 riona
342 5327 438 5385 carni:
454 5333 482 5382 et
494 5323 626 5392 medulla,
640 5322 753 5381 iniierior
762 5325 880 5382 ossibus.
897 5324 1053 5397 liedutlotn,
1107 5330 1166 5400 ipse
1177 5343 1226 5386 nos
1238 5326 1387 5384 illuminet.
1409 5326 1470 5382 bus
1490 5326 1563 5383 enim
1577 5325 1677 5395 Patris,
1703 5327 1751 5383 lux
1772 5324 1830 5382 lilii
1843 5334 1896 5385 est.

256 5424 309 5481 boc
322 5429 383 5491 est,
404 5420 538 5477 viscerosa
554 5432 615 5476 cnm
632 5432 747 5491 corporo
761 5427 790 5476 et
803 5420 905 5477 aniona.
920 5420 987 5478 Gunt
1010 5424 1054 5480 in·
1106 5424 1157 5493 Qui
1170 5422 1243 5480 videt
1257 5421 1377 5490 Patrem,
1391 5421 1509 5477 videtu
1522 5419 1632 5479 Filium.
1645 5419 1698 5479 Ubi
1716 5420 1789 5479 nulla
1800 5428 1844 5477 est
1857 5418 1899 5474 di-

257 5530 345 5572 censo.
361 5513 430 5570 Cum
444 5508 607 5582 acceptabili
631 5510 762 5567 orationis
779 5510 886 5569 odore·
897 5512 930 5568 Et
949 5515 1054 5571 arietes.
1106 5516 1206 5572 stantia
1219 5515 1291 5572 inter
1304 5514 1423 5586 gloriam
1436 5522 1465 5571 et
1476 5514 1605 5587 gloriarm,
1621 5522 1787 5588 uterqoeest
1798 5512 1895 5584 pluria.
1971 5518 1973 5566 i

254 5606 391 5682 Ab⁰⁸i⁰¹ii
405 5606 452 5664 vel
466 5606 593 5663 d⁰⁰l⁰l0⁸
608 5604 804 5661 Ecclesiarum.
1106 5610 1256 5669 Preeaotnr
1277 5609 1337 5667 bac
1359 5610 1476 5682 apostoli
1491 5618 1520 5668 et
1534 5610 1688 5684 propbeta,
1709 5620 1739 5670 ot
1758 5610 1826 5669 rnltu
1850 5608 1897 5665 bei
1970 5669 1971 5690 ¹

293 5702 411 5772 offeram
431 5698 476 5755 ribi
492 5700 578 5755 boner.
593 5698 656 5766 Qui,
669 5699 772 5770 rejecta
785 5700 957 5759 contumacia
971 5702 1049 5775 legis,
1105 5705 1262 5774 illuminati,
1292 5704 1342 5761 liat
1367 5704 1525 5777 praetenue
1546 5720 1642 5764 eorum
1667 5708 1757 5765 lumen
1776 5704 1895 5762 omnium
1970 5705 1971 5708 ’

254 5792 439 5870 jogobomiui
453 5791 662 5863 oemieessuae,
677 5791 847 5865 quodsoave
861 5796 1053 5868 est,subdide·
1103 5802 1236 5879 pcntiom.
1276 5797 1319 5843 ³³¹
1336 5816 1360 5825 ·‘
1394 5810 1435 5877 (²⁵3
