4000 6334
222 257 275 318 tta

849 262 880 318 S.
900 259 1039 321 sbsbutt
1058 259 1248 320 utunotttttt

1822 265 1874 324 lib

224 385 270 440 bic
279 384 457 444 disscrendus
467 394 529 454 est;
549 395 596 442 aut
606 385 642 442 de
657 393 781 457 tempore
803 383 957 441 obsidionis
969 382 1024 439 lio·
1037 383 1064 446 Α
1076 383 1178 440 dabunt
1190 383 1383 448 lumensuum;
1398 390 1427 437 et
1437 387 1536 437 catera
1549 388 1624 438 astra
1637 382 1736 440 cadent
1750 382 1785 440 de
1795 383 1873 451 coelo,

222 489 332 544 marnam
348 489 396 534 aut
416 479 450 535 de
463 479 695 536 consummatione
714 475 810 533 murndl
824 489 832 543 ;
845 485 892 532 aut
906 476 941 532 de
967 475 1025 530 bae-

222 573 374 627 reticorum
399 579 493 627 contra
515 568 668 628 Ecclesiam
690 584 792 642 pognia,
814 574 842 624 ct
870 565 1023 625 istiusmodi

224 667 407 737 antichristis,
419 667 465 738 qui
479 667 530 721 snb
546 665 676 735 opinione
701 663 777 718 ialsae
791 657 913 720 seientia
927 673 1024 720 cotnra

227 759 366 816 unsrun
378 761 520 817 dimicant.

263 851 353 926 (Vens
367 852 414 917 25,
430 852 489 926 26.)
505 852 536 911 si
563 870 625 928 erqo
637 853 751 912 dixerint
766 853 850 923 nolis,
863 871 920 911 ecce
937 852 966 909 in
980 852 1026 908 de·

226 959 294 1006 serto
308 958 356 1017 eat,
367 947 448 1003 nolite
463 951 551 1015 cnire;
573 947 668 1004 eccela
682 947 866 1023 penetralibus,
878 945 959 1003 nolite
974 963 1027 1001 cre·

227 1043 299 1098 dare.
315 1041 344 1099 Sl
357 1044 418 1114 quis
433 1043 592 1114 promiserit
606 1041 685 1099 uobis
696 1043 769 1115 quod
789 1043 816 1097 io
828 1043 938 1098 descrto
959 1056 1026 1111 gen·

229 1137 316 1191 tilium
327 1144 356 1191 et
372 1130 596 1207 pbilosophorum
608 1135 734 1206 dogmate
742 1131 866 1192 Christus
880 1143 1005 1188 moretur
1017 1149 1024 1199 ;

226 1239 275 1285 aut
288 1228 316 1284 in
329 1227 523 1286 hereticorum
537 1226 737 1301 penetralibus,
751 1225 798 1298 qui
817 1223 866 1280 bei
894 1221 1026 1293 polliceo-

228 1333 272 1376 tur
286 1331 395 1389 arcana,
419 1319 504 1376 nolite
521 1322 610 1387 exire,
626 1320 711 1374 nolite
734 1317 863 1383 crerlcrc;
879 1310 940 1372 sire
951 1315 1026 1388 (quia

227 1411 429 1484 persecutionis
442 1419 469 1467 et
489 1414 676 1484 angustiarum
690 1425 813 1481 tempore
825 1425 934 1480 semper
947 1424 1025 1481 pseu·

225 1506 405 1577 dopropbetm
428 1505 583 1575 decipiendi
608 1506 751 1561 inueniunt
776 1504 890 1574 locum)
917 1505 939 1558 si
966 1503 1027 1576 quis

226 1600 279 1656 sub
292 1601 403 1656 nomine
422 1598 524 1656 Christi
544 1615 575 1655 se
593 1600 700 1672 jactare
721 1597 850 1672 uoluerit,
863 1612 919 1654 non
934 1599 1028 1656 statim

227 1692 444 1750 accommodetis
459 1693 553 1749 iidem.

1075 473 1243 544 virtutesque
1258 473 1390 530 coelorum
1410 474 1666 538 commovebuntur.
1681 487 1735 531 non
1757 471 1876 530 diminu-

1076 569 1150 627 tione
1176 567 1287 625 luminis
1314 567 1445 640 (alioquin
1470 564 1691 639 legimussolem
1720 567 1875 644 septuplum

1075 659 1231 718 habiturum
1246 661 1359 716 luminis
1372 657 1457 734 [ibid.
1471 655 1562 734 atil),
1574 655 1705 732 sedquod
1715 659 1749 718 ad
1766 672 1876 730 compa·

1075 755 1210 810 rationem
1222 768 1296 809 verae
1309 753 1378 808 lueis
1398 753 1488 808 omnia
1503 752 1575 808 visui
1597 753 1741 810 tenebrosa
1764 754 1831 808 sint.
1847 748 1876 810 Si

1075 845 1167 920 itaque
1181 843 1293 913 lstesol,
1310 845 1355 917 qul
1371 857 1444 902 nnnc
1460 853 1605 915 partorum
1622 843 1717 901 orbern
1734 843 1838 912 rutilat,
1850 853 1877 901 ct

1075 941 1141 997 luna
1157 953 1217 1010 qun
1231 939 1383 995 secundum
1400 945 1441 994 est
1457 938 1602 1006 inurinare,
1616 945 1646 994 et
1670 935 1757 993 stellae
1772 950 1835 1006 oum
1844 936 1876 992 ad

1077 1033 1204 1090 solatium
1230 1035 1321 1088 noetis
1339 1045 1462 1088 accensae
1488 1039 1564 1100 sunt,
1589 1045 1740 1102 omnesque
1762 1030 1876 1087 virtutes

1078 1125 1161 1201 (quas
1172 1123 1332 1196 angelorum
1347 1123 1535 1181 multitudines
1548 1121 1629 1198 190
1641 1121 1833 1196 intelligimus)
1851 1123 1877 1179 in

1076 1211 1195 1274 aduentu
1208 1215 1310 1274 Christi
1326 1218 1353 1272 in
1364 1217 1492 1274 tenebras
1515 1217 1736 1288 reputabuntur:
1753 1215 1878 1271 decutia-

1077 1324 1123 1371 tur
1138 1315 1313 1386 supercilium
1330 1329 1436 1383 corum,
1450 1313 1497 1386 qui
1521 1327 1552 1368 se
1579 1323 1689 1367 sanctos
1715 1309 1879 1366 arbitrantes

1079 1411 1254 1478 presentiam
1263 1405 1375 1478 judiciis
1391 1423 1445 1464 non
1457 1401 1615 1463 lormidant.

1117 1501 1209 1574 (tens.
1225 1501 1283 1571 30.)
1301 1499 1334 1555 tir
1351 1514 1410 1555 torm
1438 1501 1537 1573 prr-elit
1549 1503 1654 1571 sipttutrt
1675 1493 1742 1555 Filii
1768 1499 1880 1555 leminis

1078 1594 1107 1649 ia
1118 1591 1191 1650 coelo.
1208 1593 1321 1666 Signum
1338 1595 1393 1659 bic,
1410 1601 1456 1647 aut
1471 1594 1560 1649 crucis
1580 1589 1777 1664 intelligamus,
1793 1601 1824 1648 ut
1839 1593 1880 1646 ui-

1080 1687 1164 1743 deant
1191 1687 1277 1760 (junta
1312 1684 1471 1742 Zaelmtiam
1498 1680 1593 1756 (Zuclr.
1616 1683 1666 1755 nrt)
1691 1693 1718 1740 et
1745 1679 1881 1740 loannem

261 1785 352 1856 (Vens.
368 1783 428 1856 tr.)
448 1783 522 1840 Sicut
545 1785 614 1838 enim
631 1785 721 1856 sulpur
735 1783 791 1840 enit
812 1783 845 1837 ab
876 1782 989 1847 Oriente,
1005 1789 1029 1836 et
1044 1773 1172 1852 Blloon.
1188 1775 1257 1852 xtx]l
1278 1775 1363 1834 lttduti
1380 1793 1458 1850 quaem
1475 1784 1714 1847 compunxerunt;
1732 1784 1784 1832 attt‘
1799 1775 1883 1833 texil-

225 1886 394 1952 punctusque
410 1878 438 1931 io
455 1876 638 1943 Occidentem,·
667 1878 704 1931 ita
723 1879 772 1932 erit
787 1884 810 1931 ci
827 1873 952 1930 adtentus
964 1872 1027 1929 Filii

225 1969 349 2026 hemionis.
366 1967 458 2025 Nolite
484 1968 572 2034 exire,
596 1967 682 2024 nolite
702 1965 826 2034 credere,
843 1964 915 2038 quod
941 1964 1029 2020 Filius

130 2053 133 2058 ’
222 2063 347 2119 borninis
361 2063 403 2117 ret
419 2058 537 2135 1971ss
552 2060 664 2118 deserto
682 2061 806 2130 gentium
820 2059 865 2125 sit,
881 2058 925 2113 vel
940 2058 967 2113 in
983 2071 1030 2127 pe-

224 2154 377 2212 netralibus
391 2151 584 2208 brcreticorutn
598 2170 606 2219 ;
623 2153 673 2209 sed
687 2151 760 2224 quod
774 2152 808 2208 ab
821 2151 932 2208 llrlente
942 2164 1029 2220 usque

222 2247 256 2306 in
268 2247 456 2310 Occidentem,
473 2246 540 2302 tides
555 2247 615 2316 eius
639 2247 667 2303 in
682 2245 826 2303 catbolieis
837 2245 967 2302 Ecclesiis
980 2242 1029 2301 lul-

226 2351 300 2414 geat.
315 2341 372 2396 lloc
392 2355 501 2412 qrroqrm
523 2341 681 2406 dicendum,
693 2340 766 2413 quod
790 2341 1031 2398 secundusSalra·

226 2435 448 2493 torisaduentus
470 2450 527 2490 non
542 2435 569 2489 in
598 2434 750 2490 bumilitate
776 2441 807 2489 ut
829 2436 916 2506 prius,
931 2435 979 2490 scd
1002 2431 1028 2489 ln

227 2530 314 2602 gloria
326 2528 556 2586 demonstrandus
571 2530 617 2584 sit.
630 2527 750 2586 Stultum
768 2539 810 2584 cst
820 2530 912 2601 itaque
924 2544 985 2585 eum
1002 2529 1029 2586 in

227 2636 314 2693 parvo
327 2621 390 2677 loco
400 2621 443 2678 vel
458 2620 622 2677 abscondito
636 2621 830 2694 adoreneum
843 2621 1030 2676 totiosmuudi

225 2713 321 2772 lumen
334 2717 381 2771 sit.
708 2758 716 2768 .

266 2811 358 2883 (Vens.
369 2810 430 2883 28.)
447 2809 608 2882 Ubicumque
631 2809 712 2882 suern
724 2824 832 2879 eorpus,
846 2804 912 2862 illue
927 2823 1033 2882 conpre-

229 2903 361 2979 poltuntnr
375 2913 397 2959 et
414 2904 520 2974 aquile.
533 2903 573 2959 Dc
587 2902 715 2972 exemplo
729 2900 845 2956 naturali
857 2899 931 2971 quod
941 2901 1033 2972 qttoti·

230 2996 275 3053 die
283 2997 433 3066 cernimus,
445 2993 546 3051 Christi
557 2995 718 3050 instruimur
730 3000 915 3050 sacramento.
928 2994 1032 3064 Aquilae

230 3098 259 3146 et
272 3089 397 3145 vultures
413 3087 496 3145 etiam
511 3088 682 3144 transmaria
694 3087 822 3144 dicuntur
835 3087 939 3144 sentire
952 3087 1033 3144 eada·

1081 1872 1135 1927 lum
1147 1874 1268 1928 uictoria}
1284 1872 1487 1943 triuttrplrantis.

1116 1963 1151 2018 Et
1164 1975 1226 2019 tune
1243 1966 1368 2037 pionpant
1394 1981 1481 2019 omnes
1503 1963 1586 2019 tribua
1609 1971 1693 2032 tertre,
1719 1971 1743 2018 et
1757 1961 1883 2020 uidelrunt

1081 2055 1182 2114 Filium
1220 2059 1331 2115 lromiait
1364 2059 1506 2114 uenientem
1538 2057 1566 2113 in
1595 2057 1704 2114 nuliius
1738 2057 1795 2114 eceli
1825 2076 1886 2113 cum

1080 2153 1174 2206 uirtute
1194 2151 1275 2206 multu
1297 2158 1322 2206 ct
1343 2151 1488 2221 rrtojcstcte.
1501 2147 1638 2222 Plangent
1661 2151 1689 2206 lti
1715 2151 1762 2222 qui
1791 2151 1885 2206 muni·

1081 2245 1200 2317 cipetum
1216 2261 1271 2302 non
1287 2245 1408 2303 habuere
1422 2247 1449 2302 in
1473 2244 1574 2314 ecelis,
1596 2244 1645 2302 sed
1669 2243 1763 2316 scripti
1778 2245 1885 2301 suntin

1084 2349 1170 2397 terra.

1118 2431 1212 2506 (Vens.
1224 2425 1283 2503 ot.)
1297 2426 1330 2485 tit
1345 2431 1429 2485 mittet
1445 2429 1551 2505 onpeloa
1564 2435 1624 2486 auda
1642 2429 1774 2486 canetulo
1792 2436 1815 2485 et
1827 2447 1887 2486 tuce

1081 2543 1198 2602 mcprru,·
1213 2537 1236 2582 et
1249 2527 1441 2600 conpr-cpulari
1466 2525 1560 2580 elector
1576 2527 1632 2598 eiua
1644 2535 1779 2596 cpuutuor
1792 2525 1887 2590 centia,

1082 2619 1217 2676 utuutoris
1230 2615 1354 2674 coelorum
1368 2635 1448 2688 uaprtc
1468 2617 1504 2670 uti
1519 2618 1642 2672 tmrttinoa
1657 2634 1757 2672 eoruut.
1771 2613 1810 2672 lle
1837 2615 1889 2673 itae

1083 2715 1146 2771 tulta
1162 2721 1190 2771 et
1204 2713 1354 2785 Apostolus
1369 2712 1490 2782 loquitur
1505 2707 1526 2784 (l
1539 2709 1600 2768 Cor.
1619 2727 1652 2764 nr
1666 2711 1699 2775 ;l
1717 2709 1806 2767 toea.
1825 2709 1864 2784 tt)
1879 2727 1886 2767 :

1082 2817 1110 2866 et
1122 2811 1149 2865 in
1165 2807 1321 2882 apocalypsi
1335 2801 1450 2863 inarrnis
1464 2805 1580 2878 legimus
1597 2803 1688 2880 (ripae.
1704 2803 1763 2876 rur)
1779 2823 1786 2860 :
1803 2815 1832 2862 et
1861 2803 1889 2861 in

1082 2899 1169 2958 reteri
1182 2899 1359 2956 'lestanrcnto
1374 2895 1468 2970 (Num.
1487 2899 1528 2969 n),
1544 2897 1614 2954 tubae
1629 2893 1744 2954 ductiles
1757 2913 1790 2954 ex
1806 2912 1888 2966 auro,

1083 3001 1110 3051 ct
1120 3010 1174 3050 cere
1184 3001 1353 3066 argentoque
1364 2990 1423 3048 lieri
1436 2989 1647 3062 praecipiuntur:
1659 2998 1689 3045 ut
1701 2989 1829 3046 sublimia
1840 2973 1890 3046 do·

1083 3087 1231 3144 carinarum
1248 3093 1377 3141 resonent
1395 3093 1579 3141 sacramenta.

228 3193 305 3248 vera,
321 3191 349 3240 et
364 3181 397 3239 ad
414 3197 506 3240 escam
523 3181 717 3255 hujuscemodi.
737 3181 911 3255 congregari.
925 3180 954 3240 Si
967 3160 1069 3254 ergoC
1120 3179 1213 3252 (Vera.
1227 3177 1273 3248 3⁹2,
1287 3177 1346 3252 to.)
1357 3175 1395 3233 all
1407 3178 1499 3234 arbore
1511 3187 1598 3234 nutem
1609 3173 1653 3250 piei
1668 3177 1759 3232 dircite
1772 3181 1889 3254 parebo·

228 3277 565 3335 irrationabilesrolucrcs
579 3275 695 3333 naturali
704 3291 788 3332 sensu
800 3277 880 3331 tantis
895 3284 1031 3333 terrarum

229 3369 336 3441 spatiis,
352 3379 380 3424 et
392 3370 478 3424 maris
491 3368 775 3440 ssuctibtrsseparatae,
784 3384 900 3440 parrum
915 3373 1034 3428 cadauer

229 3463 354 3520 sentiunt
368 3460 413 3516 ubi
424 3461 515 3531 jaceat
530 3470 648 3532 :quanto
659 3461 744 3532 magis
753 3476 804 3517 nos
819 3471 848 3516 et
860 3458 951 3516 omnis
964 3463 1034 3516 mul-

231 3555 323 3612 titudo
338 3555 510 3612 credentium
521 3554 604 3611 debet
619 3552 749 3610 festinare
762 3553 797 3609 ad
808 3553 969 3624 eum,eujus
981 3553 1034 3610 lul·

231 3666 283 3723 pur
297 3651 353 3705 exit
366 3649 402 3703 ab
416 3647 539 3715 Oriente,
556 3658 583 3705 et
597 3660 674 3721 paret
688 3663 775 3720 arsque
787 3650 822 3704 ad
835 3645 1012 3706 Occidentem
1025 3651 1032 3706 l

230 3741 381 3800 Possumus
393 3750 486 3798 autem
500 3756 613 3813 corpus,
634 3741 661 3797 id
676 3749 730 3808 est,
744 3749 851 3815 πτῶμα,
864 3741 938 3813 qnod
950 3743 1035 3814 signi·

1084 3273 1226 3329 laniacum
1242 3273 1404 3346 jocerannus
1426 3271 1481 3338 eiua
1496 3269 1566 3325 tener
1577 3271 1664 3342 suerit,
1680 3281 1705 3324 et
1727 3270 1791 3343 solia
1812 3281 1888 3342 autu,

1083 3365 1154 3422 scitis
1166 3366 1228 3438 puio
1238 3380 1318 3436 prope
1332 3373 1368 3419 eat
1382 3371 1469 3418 uetur.
1483 3361 1526 3418 ltu
1541 3373 1564 3418 et
1573 3381 1616 3418 tus
1628 3381 1685 3418 cum
1700 3363 1815 3418 videritis
1830 3363 1889 3421 luceo

1085 3461 1182 3529 omnio,
1193 3462 1283 3516 scitote
1294 3459 1355 3530 quio
1371 3475 1453 3530 prope
1472 3469 1510 3515 eat
1522 3461 1550 3514 in
1562 3461 1662 3536 januis.
1683 3459 1740 3516 Sub
1755 3461 1886 3532 exemplo

1085 3553 1200 3622 arboris,
1208 3548 1555 3607 docuitconsummationis
1567 3549 1888 3620 adventueruomodo,

1084 3645 1183 3715 inquit,
1199 3642 1308 3716 quaudo
1323 3644 1410 3700 teneri
1422 3639 1523 3698 luerim
1537 3644 1563 3697 in
1576 3643 1675 3699 arbore
1690 3642 1782 3698 treusb
1797 3645 1888 3714 carrli-

1085 3735 1151 3804 euli,
1173 3744 1318 3808 etgemma
1343 3733 1463 3804 erumpit
1486 3736 1513 3790 in
1528 3731 1799 3806 llorenr,cortexque
1822 3735 1889 3793 lolia

231 3837 359 3896 drantius
374 3839 472 3895 Latiare
491 3836 594 3892 dicitur
621 3837 742 3901 rodoam,
764 3837 847 3892 abeo
869 3832 942 3907 quod
957 3844 971 3874 ⁸
985 3851 1036 3908 per
1086 3828 1214 3898 parturit,
1229 3825 1384 3898 intelligitis
1399 3825 1669 3898 aestatisaduentum,
1685 3839 1713 3882 et
1727 3823 1749 3882 F
1750 3828 1844 3885 aronii
1857 3845 1890 3888 ae

232 3941 349 3992 mortem
373 3930 471 4001 cadat,
497 3931 654 4002 passionem
678 3930 782 3986 Christi
806 3930 971 4002 intelligere,
999 3931 1035 3987 ad
1086 3917 1165 3975 Velis
1188 3919 1354 3974 introitum:
1381 3915 1493 3974 illicillil
1521 3919 1685 3975 ltaecomnltt
1707 3937 1767 3992 qtlae
1783 3923 1889 3994 scl'lpltl

233 4040 315 4097 quam
330 4038 531 4095 provocamur;
549 4031 579 4079 ut
603 4022 768 4094 ubicumque
783 4020 811 4077 in
835 4021 986 4094 scripturis
997 4025 1036 4083 te.
1085 4020 1159 4080 sunt,
1172 4010 1305 4076 videritis,
1322 4009 1406 4065 nolite
1420 4019 1516 4081 putare
1527 4010 1584 4082 jana
1602 4012 1698 4067 adesse
1711 4027 1889 4069 cousumma-

233 4119 318 4192 pitur,
331 4133 541 4188 congregemur,
557 4126 582 4172 et
594 4131 644 4187 per
655 4117 727 4171 illam
741 4117 837 4173 uenire
850 4117 987 4188 possimus
1002 4119 1035 4175 ad
1086 4106 1189 4161 tionem
1205 4103 1308 4169 militib
1323 4105 1371 4160 scd
1387 4107 1462 4176 ΨΜ·
1480 4115 1491 4143 ⁰
1506 4103 1637 4175 pruoernla
1652 4117 1679 4164 θῑ
1701 4123 1889 4178 lllaessffittrts

234 4211 355 4267 Verbum
377 4209 436 4278 liei,
454 4219 482 4264 ut
509 4220 549 4264 est
563 4208 629 4265 illud
646 4226 652 4263 :
667 4207 804 4266 Foderunt
818 4226 912 4266 manus
931 4221 1037 4268 mearet
1087 4197 1220 4270 ‘1¹¹⁰Sdim
1235 4195 1329 4255 venire
1341 4214 1348 4264 ἱ
1362 4204 1392 4252 ῑΙῑ
1406 4193 1551 4254 ⁰S¹e¹¹di¹¹l
1565 4197 1638 4272 l¹¹0d
1663 4215 1750 4274 prope
1767 4203 1843 4259 ὅῑῑθῑ
1859 4203 1887 4259 ῑῦ

235 4304 313 4376 pedes
326 4319 395 4356 meos
407 4299 466 4373 (Pr.
488 4319 546 4369 xxc,
566 4304 622 4375 tt).
638 4303 672 4358 Et
687 4304 714 4359 in
736 4302 807 4359 lsaia
824 4320 832 4360 :
850 4303 926 4360 Sicut
937 4306 1037 4361 omrad
1084 4296 1188 4369 ianuis.

236 4397 369 4453 uictimam
382 4395 475 4448 ductus
488 4392 557 4465 (lea.
572 4410 631 4462 ntra,
646 4395 674 4468 t)
688 4410 696 4462 ;
712 4404 740 4452 et
754 4404 853 4452 crotera
869 4395 912 4452 lais
924 4397 1035 4454 similia.
1123 4391 1217 4463 (Vera.
1231 4390 1293 4462 Sl.)
1315 4392 1398 4446 Arnen
1412 4390 1470 4448 dieo
1491 4393 1574 4460 notia,
1596 4393 1659 4465 puin
1679 4410 1731 4450 non
1746 4398 1890 4464 preteribit

235 4491 345 4562 Aquilee
359 4496 450 4544 autern
470 4489 645 4560 appellantur
668 4488 773 4560 sancti,
789 4489 887 4561 quibus
909 4491 1035 4547 innovata
1089 4484 1219 4556 permotio
1233 4479 1301 4551 itte,
1316 4486 1397 4539 detrec
1417 4484 1503 4539 omorio
1517 4485 1566 4540 istu
1577 4485 1751 4558 fiom.S,tpra
1767 4486 1890 4544 diximus

236 4595 279 4642 est
291 4585 418 4654 juventus
438 4580 597 4649 utaouilae;
614 4589 641 4636 et
663 4583 708 4653 qui
721 4582 797 4652 juxta
811 4581 907 4637 isaiam
930 4582 1036 4653 plume·
1048 4547 1076 4618 Ῑ)
1087 4575 1276 4647 generationes
1291 4576 1441 4642 bonorum,
1456 4585 1483 4631 et
1500 4578 1655 4638 econtrario
1668 4577 1803 4634 malorum
1827 4595 1891 4638 esse

234 4687 329 4744 scunt,
343 4683 371 4731 et
383 4683 526 4728 assumunt
540 4674 608 4740 alas,
625 4683 655 4731 ut
677 4674 711 4730 ad
725 4675 956 4732 Claristiteniant·
970 4691 1035 4747 pas-
1088 4671 1219 4746 singulas.
1236 4671 1320 4741 Igitur
1333 4681 1381 4726 aut
1410 4686 1490 4726 omne
1504 4686 1591 4742 genus
1617 4672 1757 4728 hominum
1779 4674 1891 4745 signin·

236 4771 342 4827 siunem
358 4765 435 4839 (laci.
450 4764 536 4838 snut).
1087 4773 1142 4832 cea
1157 4772 1204 4819 aut
1216 4763 1372 4836 specialiter
1391 4763 1560 4821 ludaeorum.

273 4863 365 4937 (lero.
381 4859 550 4932 talsano
575 4870 662 4916 auteur
686 4870 742 4935 port
759 4862 965 4918 'tribulationem
980 4862 1035 4919 die·
1124 4859 1217 4930 (Vera.
1231 4857 1291 4929 55.)
1301 4856 1399 4914 Ocelum
1415 4866 1438 4912 et
1453 4865 1524 4916 temo
1538 4857 1695 4928 trurteiiuut,
1709 4858 1787 4917 ucria
1800 4867 1889 4916 nutem

237 4974 297 5016 rum
311 4954 419 5011 illorum
432 4953 471 5009 rol
485 4954 686 5025 proscinditur,
701 4963 726 5010 et
739 4954 805 5010 luno
823 4971 876 5009 non
901 4955 972 5009 dubit
994 4955 1035 5010 lu·
1087 4969 1207 5012 mennon
1216 4953 1395 5028 preteribant.
1410 4951 1517 5010 Coelum
1528 4961 1557 5009 et
1572 4961 1646 5010 terra
1661 4953 1819 5010 transibunt
1833 4956 1888 5012 iru-

238 5061 431 5116 concrememur
455 5049 537 5105 atellae
551 5050 642 5104 rudent
657 5052 690 5104 de
702 5050 776 5119 curlo,
791 5057 815 5104 et
830 5051 937 5104 uirtutes
956 5048 1036 5104 coelo-
1088 5048 1250 5112 mutatione,
1272 5059 1327 5100 non
1352 5043 1501 5100 abolitione
1529 5045 1570 5100 sui
1594 5043 1733 5114 :alioquin
1747 5045 1888 5118 quomodo

235 5142 1032 5209 rurncommotcbuutnr.Soletlunaobscurabuntur,etuon
1087 5141 1130 5199 sol
1154 5139 1234 5216 199
1257 5135 1459 5206 obscurabitur,
1485 5148 1514 5192 et
1540 5137 1604 5192 luna
1625 5150 1679 5194 raon
1697 5137 1772 5195 dabit
1794 5137 1888 5195 lumen

273 5315 287 5346 ⁸
306 5305 421 5362 Sanctus
442 5313 551 5371 quoque
563 5296 682 5353 llilarius
696 5297 725 5353 in
740 5297 813 5351 laune
829 5296 922 5352 locum
935 5312 942 5348 ε
955 5295 1026 5351 Son-

239 5397 304 5448 ans,
321 5377 420 5448 inquit,
437 5375 469 5427 dc
484 5371 571 5426 uolatu
582 5370 707 5439 spiritalis
722 5370 836 5440 corporis
847 5367 948 5437 npuilar
961 5383 1029 5421 nun-

236 5472 249 5505 r
275 5452 351 5517 aucit,
371 5461 479 5520 purorum
507 5441 721 5516 cooptepuutibur
740 5439 851 5512 onpelir.
876 5449 1028 5493 corruentuut

238 5537 355 5592 parrum
371 5521 398 5574 io
413 5519 469 5572 loco
486 5515 613 5582 passionis
635 5513 757 5570 ostmoir.
773 5510 842 5568 titud
854 5526 919 5566 teto
933 5517 1028 5581 πτῶμα

236 5599 381 5662 irrepentem
395 5593 475 5660 sapit.
490 5588 569 5652 Vide,
583 5598 636 5641 ete.

274 5678 286 5703 ¹³
303 5666 401 5721 litiose
414 5662 587 5718 blartianeus
600 5657 704 5712 coliculi
726 5655 792 5726 legit
805 5671 812 5721 ;
828 5663 856 5710 et
869 5651 1024 5718 Erasmum,

236 5739 279 5793 titi
293 5735 401 5804 placuit,
429 5743 562 5789 teneres..
584 5728 712 5797 clericuli,
727 5723 967 5807 castigatiorem
986 5725 1026 5780 le-

235 5819 363 5872 ctionem,
378 5816 439 5876 post
461 5801 621 5870 Victoriam,
646 5813 712 5858 anst.
735 5799 823 5856 nostri
845 5794 1022 5865 substituant,

1082 5291 1128 5364 qui
1155 5302 1183 5348 et
1208 5293 1312 5363 legrrnt,
1327 5299 1352 5346 et
1376 5307 1477 5364 patrimo
1491 5305 1579 5346 eorum
1599 5291 1694 5362 erupit,
1709 5293 1762 5344 etc.
1775 5319 1813 5330 —-
1825 5287 1887 5346 lton

1081 5373 1155 5420 recte
1171 5365 1235 5434 legit
1248 5363 1388 5428 Erasmus,
1404 5365 1508 5435 ruarmo
1519 5373 1617 5417 terreres
1636 5364 1736 5432 [rucrint
1749 5361 1888 5416 inturbare

1082 5437 1147 5506 ficus
1166 5435 1300 5492 conticuli.
1317 5436 1451 5490 blariacus
1466 5436 1585 5490 restituit
1600 5449 1691 5489 tereto
1720 5433 1884 5503 lectionem,

1081 5523 1162 5579 quant
1191 5509 1307 5564 retinent
1330 5507 1506 5574 oranrrscripti
1531 5507 1627 5562 nostri.
1647 5505 1735 5560 liant.

1119 5593 1129 5618 ⁰
1145 5577 1219 5636 Unus
1230 5577 1355 5640 Palatio,
1364 5579 1438 5648 precari
1445 5577 1550 5650 precio,
1560 5586 1582 5632 et
1593 5591 1777 5646 precurreret,
1790 5585 1887 5630 etc.—

1079 5650 1217 5721 Optimum
1234 5649 1373 5718 exemplar
1387 5664 1438 5704 ms.
1470 5650 1599 5706 Ecclesiae
1614 5646 1801 5704 Narbonensis
1813 5649 1886 5704 reti·

1078 5731 1127 5852 liet
1137 5722 1205 5777 ltaue
1217 5721 1372 5789 lectionem,
1383 5721 1458 5792 petati
1469 5721 1578 5792 prtetloa
1587 5729 1611 5776 et
1627 5732 1817 5792 praecurreret,
1826 5725 1885 5778 ele·

1105 5803 1170 5850 tut.
