4000 6334
224 348 278 406 sor
853 334 885 394 s.
906 327 1255 420 obscurissimarum
1825 313 1877 372 aas

226 474 280 528 est,
295 459 342 532 qui
357 471 406 515 rex
421 463 517 514 uester
528 463 580 512 est.
600 454 723 524 eramque
736 448 950 523 responderent,
962 449 1029 506 cesa·
1040 453 1070 515 Α
1081 466 1142 505 aeus
1161 463 1207 520 epo
1229 462 1289 500 sum
1306 461 1322 500 a
1341 444 1469 516 sanquine
1478 441 1547 516 justi
1565 439 1662 512 iuius,
1677 442 1810 508 etpostea
1827 433 1876 489 ile·

227 556 364 627 etfiperue,
380 567 436 609 non
450 546 860 622 siatirnacqnierit:sediuxta
873 544 1031 616 suggestio·
1079 543 1208 613 gellatom
1235 536 1382 594 tradidisse
1403 535 1497 593 iesum
1522 544 1551 590 nt
1579 528 1803 602 cruciligsroturi
1825 525 1877 583 Sed

229 666 292 706 nem
322 646 436 712 uxoris,
460 661 520 717 grum
544 643 744 699 mandauerat:
769 639 943 708 Nititetttet
954 639 1029 710 justo
1080 636 1223 692 sciendum
1257 640 1302 690 est
1326 632 1458 690 Romanis
1477 647 1540 687 eum
1565 628 1672 700 iegibus
1694 625 1878 689 ministrasse,

229 742 293 810 iiii,
310 741 369 811 ipse
386 752 497 810 qrroqoe
516 734 678 808 respondit:
696 733 765 801 Quid
786 734 856 787 enim
873 731 936 786 maii
949 729 1031 803 parit?
1081 730 1181 799 onibus
1202 727 1337 784 sancitum
1360 733 1417 792 est,
1441 725 1529 796 utqui
1545 721 1722 792 crucifigitur,
1744 715 1878 790 priusiia·

230 839 288 893 lioc
301 834 437 899 dicendo,
454 830 559 888 Pilatus
578 830 699 886 absolvit
713 831 818 886 iesum.
839 826 875 882 tit
890 825 930 882 ilii
943 825 1032 897 magis
1080 820 1160 893 gellis
1174 820 1344 876 verberetur.
1374 817 1505 874 Traditus
1524 827 1566 873 est
1582 815 1676 886 itaque
1689 812 1772 869 iesus
1786 810 1879 866 miiiti-

229 929 407 995 ciamabaot,
428 926 570 982 dieentes:
592 923 780 993 crucifigatur.
810 919 846 978 lit
866 919 1030 989 impieretur
1080 915 1131 973 bus
1153 913 1366 981 verberandus,
1391 923 1418 970 et
1444 911 1508 966 iilud
1529 910 1743 966 sacratissimum
1766 919 1877 976 eorpus,

226 1024 301 1094 errori
329 1022 356 1078 in
375 1021 509 1092 vigesimo
525 1020 613 1091 primo
628 1018 735 1089 psalma
755 1016 879 1072 dixerat:
911 1013 1030 1069 Circum-
1079 1019 1230 1081 pectusque
1246 1008 1292 1064 liei
1304 1022 1403 1077 capas,
1418 1004 1524 1074 flagella
1540 1009 1696 1060 receserunt.
1715 1001 1771 1057 lioc
1785 1011 1877 1055 autem

224 1120 352 1176 dederuut
371 1134 412 1174 ose
430 1132 507 1171 canes
525 1115 600 1170 multi
610 1129 620 1168 .·
644 1122 670 1168 et
696 1113 862 1185 congregatio
880 1108 1030 1181 malignan-

230 1214 296 1268 tinm
312 1211 411 1268 obsedit
428 1227 468 1266 nse
487 1207 574 1282 (Psoi.
588 1223 649 1276 ut,
665 1204 721 1278 li).
751 1205 785 1260 Et
799 1204 866 1260 iliud
880 1203 1027 1260 ieremias:

227 1304 254 1360 F
256 1316 315 1361 aeta
330 1314 368 1359 est
382 1301 447 1358 etim
455 1301 596 1358 baereditas
607 1318 664 1356 mee
676 1301 743 1356 siem
756 1299 797 1356 leo
810 1300 837 1353 iu
852 1297 937 1355 silua:
951 1298 1029 1353 dede·

228 1410 291 1456 rent
303 1415 382 1470 super
396 1415 436 1454 me
448 1414 535 1453 uocem
545 1414 620 1452 suem
633 1395 743 1470 (leram
759 1410 808 1462 ιιι,
823 1395 862 1466 8).
877 1391 948 1449 isaia
961 1407 1029 1464 quo·

229 1508 284 1566 que
299 1493 327 1548 iu
341 1491 393 1548 bae
405 1491 542 1548 sententia
557 1498 741 1561 congruente:
755 1485 911 1560 Exspectant
920 1492 948 1540 ut
961 1486 1030 1558 pace·

226 1596 285 1640 rent
295 1585 443 1656 judicium,
465 1581 580 1654 immuni
594 1591 681 1636 auten
695 1579 865 1652 iniquitatem,
879 1586 902 1632 et
917 1593 970 1632 non
980 1579 1028 1650 ju·

227 1679 338 1746 stillam,
352 1678 397 1731 sed
410 1674 550 1731 clamorem
565 1674 643 1746 (irai.
656 1691 685 1745 u,
702 1672 741 1745 7).

264 1771 358 1842 (vers.
372 1768 433 1842 ti.)
457 1767 552 1824 Videres
565 1775 654 1822 autem
674 1765 780 1821 Pilatus
794 1769 855 1832 quta
865 1764 933 1819 nteit
945 1764 1029 1838 prefi-

1078 1104 1181 1161 laetum
1203 1112 1264 1169 est,
1290 1109 1320 1158 ut
1342 1099 1406 1172 quia
1432 1099 1566 1167 scriptum
1580 1105 1655 1152 erat:
1672 1091 1761 1149 lduita
1774 1090 1880 1165 pagella

1079 1203 1243 1268 peccatorum
1262 1191 1352 1263 (Psai.
1372 1206 1447 1258 urst,
1470 1191 1527 1260 iii),
1553 1189 1604 1244 iilo
1624 1186 1777 1257 iiageiiato,
1800 1197 1879 1240 noso

1080 1288 1241 1345 verberibus
1258 1286 1452 1349 liberaremur,
1476 1282 1584 1357 231⁸
1607 1280 1717 1338 dicante
1736 1278 1879 1348 Scriptura

1080 1383 1215 1440 advirum
1231 1382 1335 1452 justum
1352 1399 1358 1436 :
1377 1378 1528 1452 Fiopeiiem
1542 1395 1595 1434 nan
1606 1375 1826 1451 appropinguabit
1837 1383 1879 1430 ta·

1080 1479 1219 1534 uernacula
1231 1486 1277 1532 tuo
1290 1474 1380 1550 (Psoi.
1397 1491 1442 1542 xc,
1455 1475 1521 1548 tui:

1115 1570 1207 1639 (Vers.
1222 1570 1257 1626 tt
1268 1567 1361 1641 serpo.)
1382 1566 1458 1623 Tune
1470 1566 1567 1622 milites
1579 1565 1700 1637 presidis
1713 1563 1880 1638 suscipientes

1078 1663 1171 1720 iesum
1182 1665 1211 1718 in
1224 1662 1239 1702 b
1250 1661 1382 1734 pretoria,
1407 1666 1627 1734 congregatorem
1639 1657 1674 1712 ad
1689 1673 1745 1712 eunt
1774 1657 1878 1712 usuum·

1079 1773 1136 1812 sum
1150 1756 1293 1822 eohortem,
1308 1764 1332 1812 at
1342 1766 1464 1811 euuemes
1478 1769 1549 1821 eum,
1561 1750 1724 1824 ablampdem
1734 1750 1881 1805 eumineam

228 1873 312 1932 aeret,
335 1862 379 1918 sed
393 1862 477 1936 magis
491 1861 617 1916 minuitur
628 1859 716 1930 fieret,
733 1867 842 1932 accepta
854 1857 938 1931 230
949 1873 1029 1926 epea,
1045 1847 1069 1910 Β
1082 1850 1311 1906 circumdederunt
1328 1851 1360 1908 ei.
1376 1848 1410 1904 ia't
1421 1848 1563 1921 plectentur
1585 1861 1710 1900 cormeum
1732 1843 1765 1899 de
1786 1843 1877 1916 spinis,

228 1958 292 2013 iacit
307 1972 402 2011 manus
414 1971 503 2010 aarum
517 1951 626 2027 papeia,
645 1953 751 2007 dicens:
767 1949 895 2007 innocens
908 1963 956 2022 ego
971 1965 1028 2005 sum

228 2068 246 2105 a
257 2050 384 2122 sanquine
394 2047 475 2120 bajus
482 2049 572 2121 justi:
592 2062 638 2102 aas
648 2046 776 2101 sideritis.
807 2044 912 2100 Pilatus
925 2043 1030 2114 aceepit

230 2157 342 2213 aquam,
356 2141 434 2210 juxta
447 2139 513 2195 iiind
530 2139 736 2211 propheticum:
756 2136 861 2192 Lauabo
872 2138 939 2192 inter
951 2137 1029 2192 inuo-

151 2285 160 2300 ,
228 2242 314 2290 centes
335 2248 429 2288 maneas
449 2248 519 2287 meas
537 2229 597 2302 (Ps.
614 2245 684 2298 ιιι,
696 2228 743 2303 ti),-
757 2239 789 2285 ιιι
803 2231 829 2284 in
845 2230 954 2286 lauacro
969 2244 1028 2285 tna-

229 2343 313 2384 nuum
335 2325 396 2397 eins
417 2322 567 2381 Gentilium
582 2339 667 2395 opera
682 2332 877 2395 purgarentur,
892 2331 920 2379 et
931 2323 967 2378 ab
979 2322 1029 2379 im·

229 2423 334 2492 pietate
350 2417 507 2476 iudeorum
519 2459 526 2483 ,
543 2418 590 2490 qui
604 2421 812 2488 clamaverunt,
826 2418 948 2490 emippe
959 2434 1028 2486 eunt,

230 2531 281 2572 nos
299 2515 405 2572 alienos
424 2513 547 2580 iaceret,
567 2511 772 2582 grrodammodo
789 2511 844 2568 iroc
858 2520 1027 2581 contestans,

229 2622 258 2666 et
272 2609 386 2666 dicens:
405 2607 465 2680 Ego
483 2606 592 2678 quidem
613 2608 788 2664 innocentem
805 2607 879 2662 volui
894 2606 1029 2674 liberare:

230 2699 423 2773 sedquoniam
447 2700 503 2774 [nli.
517 2699 615 2774 etiami
628 2700 728 2758 seditio
743 2701 847 2766 oritur,
864 2707 891 2756 et
901 2699 1030 2771 perduel-

230 2797 314 2855 lionis
325 2795 393 2852 mibi
404 2807 502 2851 contra
514 2792 652 2850 Caesarem
664 2794 768 2851 crimen
780 2793 960 2865 impingitur:
983 2794 1032 2850 in-

231 2906 327 2945 nocens
340 2904 387 2962 epo
398 2903 458 2944 tum
472 2903 490 2940 e
502 2886 628 2957 smguiee
634 2886 704 2959 justi
714 2885 807 2957 bajus.
826 2885 915 2943 iudex
928 2888 972 2958 qui
984 2903 1032 2944 eo-

231 2983 304 3054 gitur
324 2989 422 3036 eontra
441 2976 580 3034 Cbristrrm
605 2977 771 3034 sententiam
796 2976 887 3045 ierre,
912 2993 966 3034 uon
982 2979 1031 3037 ds·

230 3082 308 3130 moat
325 3071 469 3136 oblatum3
494 3068 544 3124 sed
567 3070 658 3140 arguit
678 3067 837 3137 offerentes,
850 3068 953 3141 justum
969 3085 1031 3128 esse

1080 1953 1221 2016 posuerunt
1235 1960 1316 2014 super
1330 1953 1408 2016 ceput
1423 1948 1491 2016 ejus,
1508 1950 1532 1998 et
1546 1940 1703 1996 arundinem
1724 1939 1753 1993 in
1773 1937 1880 1992 desiere

1079 2041 1135 2109 eius
1148 2048 1194 2094 :et
1208 2055 1276 2112 geue
1289 2041 1358 2109 pleae
1371 2047 1430 2092 unte
1446 2051 1516 2100 eunt,
1531 2033 1678 2090 illudebant
1689 2032 1723 2098 ei,
1745 2030 1880 2086 dieentes:

1079 2132 1143 2200 Aue,
1154 2129 1376 2187 recludentem.
1393 2126 1621 2201 iliiitesquidem,
1637 2126 1700 2198 guia
1713 2139 1764 2181 rex
1773 2122 1881 2179 iudaeo-

1079 2241 1141 2281 rum
1153 2223 1242 2280 iuerat
1253 2224 1430 2296 appellatus,
1446 2231 1474 2278 ct
1489 2221 1543 2277 lroc
1556 2221 1580 2277 ei
1594 2219 1698 2278 Scribae
1713 2226 1740 2274 et
1754 2216 1882 2274 sacerdo-

1081 2327 1122 2376 tes
1139 2319 1244 2376 crimen
1260 2317 1432 2389 obiecerant,
1444 2315 1517 2386 quod
1537 2315 1589 2372 sibi
1617 2313 1645 2369 in
1670 2311 1771 2384 populo
1796 2309 1880 2368 israel

1081 2421 1229 2484 usurparet
1245 2409 1404 2480 imperium,
1422 2409 1572 2466 illudentes
1585 2407 1640 2464 buc
1658 2406 1772 2473 iaciunt,
1788 2414 1818 2460 ut
1831 2419 1881 2458 nn·

1080 2506 1174 2564 datum
1187 2505 1310 2577 pristinis
1321 2504 1456 2572 vestibus,
1472 2503 1587 2559 induent
1603 2499 1768 2572 chlamyden
1788 2496 1881 2554 cocci-

1081 2615 1160 2659 neam
1174 2615 1226 2672 pro
1241 2599 1324 2655 crnl'o
1339 2597 1435 2663 limbo,
1448 2611 1590 2670 quoreges
1602 2598 1880 2656 reteresutebantur:

1081 2702 1109 2751 et
1123 2708 1173 2765 pro
1186 2691 1340 2750 diademate
1355 2701 1457 2763 ponant
1471 2691 1497 2746 ei
1522 2705 1654 2748 coronam
1670 2691 1793 2762 spineum
1810 2711 1818 2748 ε
1833 2708 1882 2764 pro

1080 2796 1190 2857 seeptro
1201 2783 1357 2857 regaiident
1366 2782 1515 2849 calamum,
1527 2791 1556 2840 et
1565 2783 1681 2841 adurent
1692 2785 1880 2858 qnasiregem.

1081 2879 1136 2936 Nos
1148 2891 1239 2936 aretem
1257 2880 1316 2936 iraec
1335 2880 1426 2936 omnia
1443 2879 1631 2950 intelligamus
1653 2882 1780 2954 mystice.
1808 2882 1883 2950 Quo·

1082 2972 1164 3028 modo
1179 2972 1252 3027 enim
1277 2969 1395 3042 Gaipbas
1410 2971 1478 3028 dixit
1490 2986 1501 3026 .·
1514 2971 1624 3043 Oportet
1648 2989 1730 3028 unum
1752 2975 1883 3031 bominem

1080 3066 1146 3120 mori
1162 3083 1209 3137 pra
1223 3065 1342 3122 omuibus
1353 3063 1444 3139 (ioan.
1457 3080 1496 3128 sn,
1510 3065 1568 3136 liii),
1583 3066 1711 3124 nesciam
1726 3067 1792 3139 quid
1808 3068 1884 3126 dice-

229 3165 412 3241 pronuntlnns
433 3163 480 3235 qui
503 3160 705 3234 crucifigendos
719 3171 772 3219 est.
797 3162 863 3234 Vos,
879 3163 979 3234 inquit,
993 3165 1032 3219 oi·
1081 3166 1124 3214 ret
1138 3175 1146 3214 :
1161 3158 1200 3214 sic
1211 3165 1238 3214 et
1252 3158 1299 3214 isti
1311 3173 1491 3230 quocumque
1504 3157 1639 3226 iecerunt,
1652 3159 1778 3217 iiretuiia
1789 3173 1883 3221 mente

230 3262 332 3318 deripis,
356 3259 415 3331 Ego
439 3258 567 3314 minister
586 3273 647 3314 sum
670 3257 782 3329 legum:
800 3266 891 3314 uestra
906 3237 1067 3316 ronan-C
1083 3250 1208 3317 fecerint,
1229 3258 1319 3308 lamen
1349 3253 1440 3322 nobis,
1468 3252 1514 3324 (iiii
1539 3253 1689 3325 credimus,
1710 3265 1883 3313 sacramenia

229 3355 339 3428 guinem
354 3349 453 3407 iendit.

268 3447 359 3519 (iere.
375 3443 436 3516 25.)
450 3441 484 3498 itt
497 3442 657 3515 respondeus
667 3443 800 3498 nemesus
814 3443 937 3515 papulus,
947 3444 1031 3500 dieta:

234 3539 422 3612 sanguisejus
436 3553 515 3608 super
532 3547 579 3592 tias
593 3546 618 3592 et
631 3553 709 3607 super
718 3537 789 3608 filios
799 3547 911 3592 nastros.
932 3537 1032 3595 Perse-

232 3642 312 3690 rerot
329 3645 417 3703 usque
430 3630 457 3686 in
469 3640 635 3701 presentem
650 3629 723 3686 diem
737 3629 797 3686 baec
812 3631 973 3702 imprecatio
987 3647 1033 3687 su-

231 3742 283 3800 per
294 3724 415 3792 iudeus,
431 3733 460 3778 et
473 3723 586 3794 sanguis
599 3722 710 3778 Domini
724 3738 778 3778 non
794 3720 923 3779 aufertur
932 3723 967 3780 ab
980 3724 1031 3779 eis.

235 3818 312 3877 Unde
326 3832 376 3887 per
387 3815 485 3872 isaiam
500 3814 641 3885 loquitor:
665 3813 697 3870 st
718 3814 862 3870 terrueritis
875 3815 909 3869 ud
924 3832 965 3871 me
976 3832 1034 3870 ma-

232 3930 292 3981 tteas,
307 3928 361 3966 uae
373 3909 513 3965 cadmiam
522 3921 578 3964 uos.
592 3905 689 3962 bouus
700 3907 770 3963 enim
781 3917 872 3964 eastre
884 3909 1035 3978 pierresunt

232 4005 359 4080 sanguine
379 4000 458 4078 (lsai.
472 4018 493 4068 ι,
506 4002 563 4069 id).
587 4001 724 4073 Optimam
739 4001 928 4059 haereditatem
946 4001 1035 4058 iudei

234 4105 299 4160 iiiiis
309 4101 467 4171 relinquunt
478 4098 537 4173 [it.
554 4097 751 4172 reliquerunt],
765 4099 906 4155 dicentes:
919 4097 1036 4171 Sanguis

234 4198 291 4267 ejus
304 4208 448 4266 sapenos,
463 4201 488 4247 et
500 4207 580 4260 super
595 4189 666 4260 iiiios
679 4200 792 4247 nostros.

272 4284 364 4356 (Vere.
374 4282 435 4355 tu.)
446 4280 519 4337 Tunc
529 4282 626 4337 dimisit
636 4282 691 4339 titis
704 4282 876 4352 Barrabbam,
885 4285 977 4341 iesum
988 4303 1037 4342 au·

235 4388 287 4433 tarn
293 4376 456 4448 popeiiotum
464 4375 574 4431 tradidit
581 4375 620 4431 eis
628 4385 656 4430 ut
667 4377 872 4450 crucifigeretur.
885 4379 1037 4437 Barrabbas

234 4471 371 4542 latro,qui
382 4467 531 4526 seditiones
543 4468 660 4527 iaciebat
673 4471 700 4526 in
714 4472 865 4545 turbis,qui
875 4473 1037 4531 homicidio-

1081 3346 1249 3403 tribuerunt.
1264 3346 1295 3402 in
1317 3345 1464 3420 clriamyde
1483 3351 1624 3416 coccinea,
1653 3363 1737 3421 opera
1759 3353 1883 3424 gentium

1082 3447 1195 3496 eruenta
1211 3446 1368 3496 sustentat:
1395 3440 1421 3496 io
1450 3454 1554 3496 corona
1576 3441 1682 3514 spinos,
1708 3443 1883 3500 maledictum

1082 3534 1165 3591 solvit
1180 3533 1321 3606 anitiqunrn
1340 3534 1388 3590 :io
1404 3534 1521 3603 calamo,
1536 3545 1673 3593 venenata
1698 3537 1800 3593 eccidit
1823 3538 1883 3594 ani-

1083 3629 1176 3688 mutia.
1192 3631 1255 3686 Sive
1270 3631 1405 3685 calamum
1423 3629 1534 3687 tenebat
1554 3631 1581 3687 in
1606 3645 1699 3697 mansu,
1720 3639 1750 3687 ut
1773 3633 1884 3688 sacrile-

1084 3727 1157 3795 gium
1173 3722 1306 3780 scriberet
1319 3722 1487 3780 iudeorum.

1119 3815 1211 3890 (vers.
1228 3817 1286 3888 itt.)
1299 3814 1334 3871 m
1347 3826 1502 3887 exspuentes
1513 3817 1541 3871 in
1551 3831 1622 3886 euru,
1634 3825 1792 3889 acceperuut
1801 3835 1884 3874 aruu-

1085 3911 1216 3979 dinem,et
1227 3913 1405 3985 percutiebant
1421 3922 1498 3988 caput
1520 3915 1586 3980 dus.
1612 3913 1652 3970 tto
1672 3924 1797 3987 tempore
1811 3933 1887 3974 corrr-

1086 4005 1190 4078 pletum
1207 4016 1249 4062 est
1264 4022 1271 4073 ;
1288 4004 1351 4061 ilion
1373 4006 1454 4062 armti
1473 4008 1567 4081 [aciem
1585 4021 1669 4062 mam
1691 4024 1708 4062 a
1733 4010 1887 4080 moredano

1085 4109 1221 4174 sputorum
1235 4099 1314 4172 (isai.
1331 4117 1357 4169 e,
1375 4099 1415 4174 6),
1439 4112 1467 4158 et
1485 4111 1647 4159 moirencum
1660 4112 1742 4174 capot
1754 4101 1888 4173 ejrrsper-

1086 4195 1192 4250 cutiont
1206 4193 1349 4258 arundine,
1362 4194 1481 4250 sustinet
1492 4204 1589 4251 arrecta
1605 4195 1750 4266 patienter,
1762 4203 1792 4250 ut
1806 4196 1887 4269 232

1087 4289 1166 4345 isaiae
1183 4303 1276 4346 rurum
1296 4289 1424 4346 ostendat
1441 4290 1611 4360 vaticinium,
1622 4290 1754 4348 dicentis:
1771 4291 1890 4348 bunti-

1088 4401 1146 4440 nem
1157 4395 1308 4458 quassatum
1321 4401 1372 4442 eon
1387 4386 1534 4460 confringet
1547 4383 1626 4458 (lsai.
1640 4401 1707 4454 ruit,
1721 4385 1761 4460 5).

1124 4479 1217 4552 (vers.
1227 4480 1288 4553 51.)
1300 4478 1334 4536 ita
1348 4489 1484 4554 postquam
1494 4482 1632 4537 illuserunt
1642 4482 1678 4552 ei,
1689 4491 1818 4538 meunt
1830 4498 1888 4539 eum

235 4583 297 4624 rnrrr
314 4572 488 4630 auctorerat,
506 4564 636 4621 dimissus
645 4574 689 4622 est
701 4567 802 4637 pupula
815 4565 989 4635 ludaeorum,
1010 4571 1037 4627 id
1089 4575 1237 4648 chlamyde,
1250 4583 1275 4630 et
1285 4575 1429 4632 induerant
1441 4591 1500 4631 eum
1513 4577 1671 4634 uestimentis
1685 4578 1754 4650 ejus,
1767 4585 1792 4632 et
1806 4577 1889 4632 dere-

236 4670 290 4730 est,
302 4657 440 4724 diabolus,
449 4656 496 4729 gui
505 4671 592 4728 usque
602 4657 686 4715 bodie
697 4668 792 4732 regnat
802 4662 886 4733 ineis,
896 4675 923 4720 et
934 4663 1038 4720 ideirco
1051 4647 1078 4710 D
1089 4678 1151 4724 ruet
1167 4685 1238 4740 eum,
1253 4678 1281 4725 at
1294 4669 1486 4744 crucifigerent.
1500 4670 1615 4740 Quando
1630 4669 1783 4743 flagelletur
1797 4669 1887 4738 iesus,

237 4768 334 4825 paoem
344 4751 445 4806 babere
456 4763 510 4804 non
518 4758 643 4821 possunt.
656 4750 834 4811 iesusnutcm
845 4757 971 4814 aindoeis
983 4768 1038 4814 trs·

237 4847 323 4912 ditus,
331 4840 615 4899 absoluttnrabuxore
622 4841 715 4911 Pilati,
727 4855 755 4902 et
765 4847 800 4901 ab
809 4850 869 4918 ipso
880 4851 1040 4922 presideju-

236 4947 297 4993 stus
310 4934 473 5005 appellator.
482 4934 516 4990 lit
527 4937 653 4992 cereturio
667 4937 815 4994 cantitetur
824 4940 897 5012 quod
911 4958 977 5000 vere
990 4941 1038 5001 liei

238 5030 325 5089 Filius
335 5030 381 5087 sit.
394 5035 504 5096 ornarat
514 5029 640 5088 eruditus
653 5031 751 5102 lector,
760 5034 901 5106 quemodo
910 5038 962 5095 sibi
972 5053 1040 5096 con.

235 5122 450 5181 reniatPilaturn
464 5121 567 5180 lavisse
581 5138 682 5179 marrus
696 5141 772 5193 suas,
783 5135 812 5183 et
821 5126 924 5186 dixisse
935 5148 943 5186 :
955 5127 1040 5187 inea·

273 5296 286 5321 ι
302 5284 358 5338 Pro
382 5282 458 5338 bisce
477 5283 589 5353 uerbis,
610 5285 713 5343 disserte
736 5288 877 5354 Scriptura
899 5293 1039 5348 advirum

232 5360 350 5431 justum,
367 5352 422 5410 dou
436 5353 551 5409 Palatio.
573 5371 652 5424 mss,
667 5362 812 5416 secundum
828 5363 898 5430 quod
911 5365 1037 5435 scriptum

238 5438 288 5491 est,
301 5434 404 5481 tantum
419 5424 532 5480 babent.

271 5496 501 5553 1ἰιιιοιιιιιιιιιι
514 5497 541 5551 in
558 5506 644 5568 tester,
657 5515 738 5569 uuam
751 5502 779 5556 io
795 5504 980 5560 commentar.
994 5521 1038 5561 re-

235 5567 325 5642 ponit,
341 5565 516 5624 Pretorium:
531 5572 604 5636 ouod
622 5571 719 5627 nrelinr
732 5573 827 5631 istbsee
840 5578 877 5632 sit
891 5577 983 5645 lectio,
998 5577 1037 5633 uti

237 5651 280 5698 cst
300 5639 463 5722 irrsulgatis
477 5641 713 5698 emendatioribus
730 5646 869 5702 codicibus
885 5648 1035 5720 impressis.

237 5711 305 5767 Earn
329 5726 443 5780 insuper
462 5712 601 5769 retineant
619 5714 709 5770 orsrniu
729 5714 816 5773 ierme
836 5722 908 5790 apori
924 5735 955 5776 se
968 5735 1035 5776 mss.

236 5781 389 5865 liibiiorrrm
403 5785 582 5854 exerrrpiaria,
596 5785 649 5843 bruc
661 5800 702 5844 est
717 5805 832 5846 nutriero
846 5792 1036 5862 quariraginta,

239 5862 310 5909 soter
322 5869 383 5923 quas
398 5853 496 5910 librum
511 5854 635 5914 Coenobii
651 5859 681 5917 S.
692 5858 783 5933 Psnli,
795 5878 895 5934 sepes
908 5877 939 5920 se
949 5864 1038 5921 nomi·

1090 4773 1119 4820 et
1129 4762 1300 4834 conspuitur,
1312 4771 1340 4819 et
1353 4762 1496 4829 irridetur,
1513 4777 1566 4818 non
1581 4761 1665 4820 lrnbet
1677 4763 1788 4834 propria
1804 4761 1889 4818 resti-

1092 4862 1182 4910 rnerrta
1196 4871 1203 4909 ι
1224 4855 1272 4910 sed
1288 4869 1318 4910 ea
1332 4869 1395 4926 quae
1409 4861 1518 4925 propter
1531 4859 1623 4910 nostra
1638 4865 1750 4925 peccota
1764 4867 1890 4925 sumpse·

1091 4957 1143 5003 rnt.
1168 4947 1237 5004 Cum
1260 4955 1351 5004 nutem
1377 4945 1564 5019 crucifigitur,
1590 4955 1618 5002 et
1644 4945 1780 5002 illusionis
1806 4957 1889 5018 atque

1090 5041 1227 5097 irrisionis
1253 5053 1351 5111 pompa
1372 5039 1558 5111 preterieris,
1574 5045 1641 5094 tune
1653 5035 1783 5107 pristinos
1799 5045 1890 5096 vestm

1090 5134 1207 5204 recipit,
1234 5140 1262 5189 et
1289 5131 1430 5204 proprium
1454 5131 1570 5189 assumit
1600 5136 1754 5186 ornatum:
1780 5132 1889 5188 stetim·

1092 5305 1185 5351 nntrrm
1197 5337 1205 5363 ,
1219 5295 1327 5363 plurimi
1346 5294 1420 5352 iacit.
1433 5294 1625 5352 Assentiantnr
1636 5311 1744 5368 quoque
1757 5295 1821 5355 buic
1830 5298 1889 5355 iec-

1091 5365 1159 5422 tioni
1174 5367 1353 5437 antiquissimi
1367 5367 1465 5422 llerrtis
1478 5367 1585 5425 Cossini
1597 5366 1716 5437 codices,
1730 5367 1889 5442 Langobar-

1091 5437 1160 5494 dicis
1184 5437 1389 5494 characteribus
1412 5441 1581 5508 conscripti,
1610 5453 1723 5496 :nurnero
1746 5443 1889 5498 decernet

1091 5518 1220 5576 septem,
1248 5518 1278 5566 et
1307 5509 1519 5566 hispaniensium
1547 5510 1748 5582 'iiteoiogoruur
1778 5527 1886 5568 orrrnes.

1091 5581 1202 5636 linceus
1219 5583 1303 5637 ceder
1325 5583 1446 5648 ejusdem
1471 5581 1597 5638 iectionis
1612 5581 1688 5651 iens,
1706 5585 1766 5654 ipse
1778 5597 1887 5656 quoque

1092 5652 1175 5722 legal,
1192 5656 1229 5715 εἰς
1243 5655 1272 5709 τὸ
1286 5663 1454 5732 πραιτῶριον.

1130 5734 1141 5762 s
1157 5724 1267 5780 Rectrrrs
1281 5725 1396 5780 terrase
1409 5725 1495 5780 Pelet.
1512 5739 1578 5780 mss,
1593 5722 1707 5788 babent,
1719 5741 1806 5782 rusae.
1823 5724 1887 5781 Tre-

1092 5794 1192 5851 bellius
1204 5799 1229 5851 in
1245 5796 1370 5863 Claudio,
1386 5805 1414 5854 et
1429 5797 1560 5866 Vopiscus
1583 5797 1609 5851 in
1625 5796 1778 5856 trrreiiano
1795 5797 1885 5868 lustjus·

1092 5866 1167 5923 modi
1178 5881 1270 5924 russas
1287 5868 1394 5925 tunicas
1410 5883 1503 5940 regum
1520 5875 1683 5924 memorant.
