4000 6334
213 343 247 405 te
839 353 868 411 s.
889 347 1025 410 nusnnn
1044 345 1238 408 aroannam
1824 348 1859 412 tc
1983 307 1987 315 ⁵

211 465 285 526 cula
300 461 462 528 absolvit:
479 463 653 544 statimqne
668 465 709 530 ad
726 481 795 529 eam
813 467 939 529 transiit
953 467 1189 548 exponendam,
1207 482 1279 545 que
1292 462 1416 530 linistis
1431 463 1586 549 inscripta
1603 471 1651 532 est
1666 487 1674 531 ε
1691 456 1863 533 l’aueiod·

210 565 348 644 modum,
363 566 408 630 ait
421 565 490 648 ipse
508 567 541 630 ln
557 567 706 650 prologo,
721 565 787 630 dies
803 575 889 643 sunt,
903 587 943 630 aa
957 585 1017 650 qao
1035 567 1217 648 Epistulam
1229 567 1325 630 Pauli
1339 568 1381 630 od
1400 568 1606 631 Philemonem
1620 569 1863 650 interpretatus,

209 665 252 731 ad
266 665 396 730 Galatas
411 667 673 731 transcenderam.
689 668 806 731 Tribus
819 687 900 748 opus
915 667 997 731 istud
1018 668 1108 730 libris
1122 667 1375 748 comprehendit,
1390 669 1424 731 in
1441 668 1558 748 quibus
1572 674 1610 732 ut
1624 670 1688 731 sint
1701 686 1780 733 sane
1794 687 1864 732 om-

210 768 265 830 nia
280 784 353 847 queo
366 771 480 831 auctor
491 766 650 840 edisserit,
666 768 760 832 utilia
773 785 845 830 cum
860 768 973 848 primis
990 773 1090 847 atque
1105 767 1256 840 illustria,
1273 767 1409 848 insignis
1427 768 1482 831 ille
1498 769 1797 850 premonstrandus
1814 774 1864 832 est

177 885 180 890 ·
209 870 315 947 locus,
329 869 384 931 ubi
404 867 444 930 ad
459 883 530 946 cap.
547 885 575 943 1,
589 885 674 932 rere.
688 867 725 944 1,
742 869 782 932 de
793 851 851 934 ult
868 869 959 933 varia
971 867 1207 948 signiticatioue
1228 874 1259 933 et
1274 870 1435 951 scriptura
1458 871 1624 950 disputat:
1648 888 1715 950 qno
1732 889 1798 933 nno
1821 871 1864 934 ab

210 971 334 1036 enormi
351 970 519 1034 laxatione
534 987 622 1033 nunc
636 971 775 1052 primum
791 987 811 1034 a
827 970 918 1031 nobis
934 969 1095 1046 restituto,
1110 985 1207 1032 verus
1223 969 1366 1047 tandem,
1380 971 1472 1051 isque
1485 972 1745 1052 elegantissimos
1757 971 1864 1034 elucet

209 1073 242 1136 S.
261 1072 406 1135 Doctnris
422 1090 551 1148 sensus,
565 1071 700 1152 ejusque
715 1090 841 1139 summa
854 1074 1065 1138 Hebraeorum
1077 1073 1259 1136 litterarum
1274 1073 1388 1157 peritia
1403 1080 1517 1138 contra
1531 1076 1725 1138 amulorum
1741 1075 1864 1138 calum-

212 1173 297 1249 nina,
311 1188 385 1252 qun
399 1172 533 1252 integris
547 1179 697 1235 constant
709 1173 812 1248 libris,
827 1174 995 1236 asciscitur.
1014 1173 1139 1234 Rursus
1152 1181 1225 1253 post
1236 1189 1356 1252 paucos
1372 1173 1437 1237 dier
1454 1175 1497 1237 als
1512 1192 1552 1236 eo
1565 1173 1805 1237 Commentario
1822 1173 1863 1237 ad

211 1272 402 1353 inscriptam
415 1271 565 1353 Ephesiis
585 1271 760 1351 Epistulam
778 1272 1008 1348 einans-randum,
1026 1270 1296 1350 quernadmodum
1311 1273 1344 1333 in
1359 1272 1545 1353 prelatione
1562 1279 1712 1349 testatur,
1726 1289 1760 1333 se
1778 1289 1863 1335 con-

210 1375 295 1436 tulit.
309 1372 379 1435 Hoc
396 1375 504 1436 aulem
520 1373 665 1452 inopere
679 1371 724 1435 ita
741 1371 800 1434 silai
820 1371 944 1433 ridetur
958 1371 1191 1450 perplacuisse,
1210 1375 1246 1430 ut
1260 1388 1301 1431 ex
1318 1387 1357 1431 eo
1371 1370 1511 1431 vuluerit
1524 1370 1700 1448 aliquando
1714 1387 1806 1431 snam
1821 1369 1865 1431 ti-

209 1471 295 1547 dem,
314 1489 386 1550 ona
402 1470 521 1535 luroris
538 1471 571 1533 in
588 1469 761 1551 Origenem
779 1471 952 1532 notabatur
965 1471 1006 1530 ab
1023 1468 1162 1541 aemulis,
1177 1468 1341 1532 aestimari.
1362 1470 1508 1550 Denique
1524 1470 1564 1533 ad
1581 1470 1689 1530 Titum
1707 1487 1780 1548 qna
1805 1469 1862 1532 in-

208 1572 375 1649 scribitur,
391 1571 490 1652 paulo
509 1573 582 1651 post
599 1569 688 1634 brevi
702 1567 942 1633 Commentario
958 1568 1121 1646 exposuit.
1140 1567 1279 1646 Tempus
1306 1568 1374 1649 ipse
1390 1567 1540 1648 designat
1563 1565 1603 1628 ad
1626 1568 1741 1646 eapitis
1763 1567 1859 1646 primi

207 1687 338 1736 versum
354 1668 572 1744 undecimum,
588 1666 646 1731 nbi
664 1685 699 1731 se
715 1667 761 1730 ait
775 1687 784 1729 a
798 1667 881 1731 Ante
891 1684 1012 1749 paucos
1029 1684 1145 1728 menses
1166 1664 1230 1727 trica
1251 1665 1415 1728 columina
1437 1665 1473 1727 in
1495 1665 1653 1747 Epistola
1665 1664 1708 1728 cd
1730 1665 1864 1730 Galatas

206 1768 430 1850 explanatione
446 1767 590 1832 dictasse.
601 1767 673 1830 lam
689 1783 767 1830 reru
780 1785 822 1829 ex
838 1771 904 1829 tota
920 1765 1169 1844 [inpositionem
1188 1765 1322 1828 istarum
1337 1766 1421 1828 serie
1434 1765 1614 1846 colligimus
1629 1813 1638 1846 ‚
1656 1764 1696 1827 nd
1711 1765 1862 1830 eumdem

212 1885 325 1931 omnes
340 1884 464 1930 annum
477 1867 653 1949 pertinere,
674 1867 766 1947 cujus
784 1871 815 1930 et
832 1883 954 1948 pancos
973 1882 1099 1927 menses
1117 1866 1324 1945 explevisse,
1340 1867 1498 1931 subducta
1523 1867 1782 1949 uniuscuiusque
1806 1886 1864 1934 ra·

208 1955 314 2042 lione,
328 1973 528 2049 compertum
543 1971 604 2030 est.
618 1967 682 2044 Qui
697 1972 806 2030 antem
830 1966 879 2029 liis
897 1965 1028 2047 proprie
1046 1964 1156 2040 inerit,
1172 1983 1213 2027 ex
1232 1982 1272 2029 eo
1285 1984 1382 2046 quem
1395 1967 1429 2029 in
1446 1967 1603 2047 Catalugo
1617 1966 1764 2030 obtinent
1778 1966 1863 2042 loco,

211 2068 266 2132 nbi
279 2068 518 2146 Qnaestiunibns
534 2068 568 2131 in
584 2068 735 2134 Genesim
753 2067 901 2148 proxime
923 2074 1169 2148 praeponantur,
1190 2066 1284 2130 lacile
1299 2067 1470 2146 intelligas.
1486 2069 1599 2148 quue
1621 2069 1725 2150 magis
1740 2070 1865 2133 contir-

210 2188 280 2234 mes
297 2169 482 2234 testimonio
499 2168 587 2250 qnod
609 2169 708 2232 habes
725 2169 759 2231 in
774 2186 846 2248 cap.
862 2185 879 2229 v
894 2166 995 2250 Epist.
1012 2168 1051 2231 ad
1074 2165 1244 2246 Ephesios,
1260 2167 1314 2228 nbi
1331 2182 1370 2228 co
1385 2167 1455 2247 ipso
1472 2172 1616 2248 tempore
1638 2167 1862 2242 Quaestionum

207 2268 444 2332 Hebraiearnm
461 2284 542 2347 opus
559 2267 663 2328 moliri
678 2284 713 2330 se
727 2267 835 2330 animo
850 2265 1031 2346 prolitetur.
1047 2264 1079 2327 st
1099 2271 1186 2328 reete
1199 2265 1298 2346 igitur
1315 2267 1539 2329 constituimus
1561 2285 1621 2329 sno
1636 2267 1721 2344 loeis,
1736 2268 1774 2330 ad
1798 2289 1863 2336 an-

211 2388 289 2435 num
304 2369 364 2434 388
379 2369 580 2446 Qnrastiones
598 2368 774 2432 Hebraicas
797 2369 830 2430 in
850 2367 1002 2431 Genesim
1020 2365 1181 2447 pertinere
1205 2367 1284 2430 istas
1306 2368 1467 2447 superiori
1493 2369 1640 2448 proxime
1662 2372 1862 2450 octogesimo

210 2474 347 2554 septimo
360 2489 461 2552 snpra
478 2470 740 2535 trecentesimum
755 2468 955 2546 tribuendas,
969 2468 1051 2531 nihil
1068 2468 1129 2532 erit
1142 2468 1289 2533 dubium.

247 2575 384 2637 Turnum
401 2572 511 2653 explet
525 2570 706 2652 appendix,
719 2587 794 2652 qnae
806 2569 1008 2634 Breviorinm
1025 2571 1058 2632 in
1073 2569 1265 2634 Psalterium
1281 2569 1338 2651 (o)3
1355 2569 1501 2649 aliosque
1512 2571 1546 2634 in
1559 2571 1702 2635 Psalmos
1719 2573 1860 2638 Tracta-

209 2680 261 2739 tns
274 2674 357 2738 lalso
372 2675 531 2753 ascriptos
546 2671 747 2752 Hieronymo
760 2669 917 2748 continet,
930 2669 970 2732 de
985 2671 1105 2750 quibus
1121 2669 1153 2731 in
1168 2671 1325 2749 peculiari
1339 2670 1379 2732 iis
1393 2669 1526 2749 prsedxa
1541 2670 1764 2735 admonitione
1778 2673 1858 2737 satis

206 2777 401 2855 abundeque
412 2775 566 2839 diximus.
585 2774 760 2852 aelianum
778 2773 873 2836 modu
888 2777 937 2836 est
951 2791 1064 2847 annm,
1081 2778 1117 2835 nt
1130 2772 1263 2852 quando
1276 2790 1340 2835 non
1355 2771 1470 2835 ultima
1485 2772 1730 2854 Hieronyminni
1746 2777 1861 2838 nomi-

206 2878 342 2940 pisinus
357 2881 427 2939 ests
445 2874 650 2955 Principibus
659 2873 816 2955 placuisse
834 2875 914 2937 ciris
923 2895 934 2946 ,·
949 2874 1036 2940 hane
1051 2875 1135 2940 scias
1150 2875 1324 2939 editionem
1338 2883 1481 2938 nostram
1495 2876 1612 2938 debere
1628 2877 1803 2956 plurimum
1820 2881 1860 2940 il-

205 2975 402 3038 lnstrlssimo
414 2978 533 3036 nostru
551 2972 648 3054 hujus
665 2973 819 3037 Ecclesia
834 2973 977 3052 pontilici
993 2975 1045 3036 lo.
1061 2975 1271 3048 Bnaoanano,
1286 2975 1343 3054 qui
1356 2991 1428 3036 eam
1442 2978 1475 3036 ot
1491 2991 1617 3040 sunnma
1639 2977 1761 3054 pridem
1784 2996 1860 3042 cnm

204 3072 404 3152 benignitate
419 3070 556 3150 excepit,
572 3077 603 3133 et
620 3071 770 3152 procidio
795 3072 1006 3136 immanitatis
1030 3090 1099 3136 suae
1118 3074 1197 3135 ierit
1220 3073 1385 3153 :deniqne
1406 3079 1439 3135 et
1464 3073 1495 3134 in
1522 3075 1646 3152 praemii
1671 3075 1744 3140 lecit
1766 3095 1858 3157 spem

206 3174 300 3255 erigi.
314 3171 407 3248 Quod
423 3189 485 3254 ego
500 3191 563 3235 non
580 3178 643 3235 tam
660 3189 699 3232 eo
717 3169 788 3234 dico
806 3171 929 3246 animo,
943 3179 980 3235 nt
991 3171 1158 3251 ponticum
1180 3171 1299 3235 laveris
1321 3170 1392 3252 ejus
1409 3171 1642 3236 monimentum
1657 3191 1721 3239 aere
1733 3196 1860 3256 peren-

205 3271 280 3335 nius
293 3275 422 3333 exstare
439 3271 545 3344 velim,
561 3287 660 3348 qaam
680 3277 714 3330 ut
734 3269 891 3332 litteratus
913 3270 1003 3332 oriris
1025 3270 1095 3350 ejus
1117 3270 1346 3350 prolixissimae
1360 3269 1401 3330 in
1424 3270 1550 3334 litteras
1566 3272 1727 3337 voluntati
1753 3276 1861 3346 inusta

204 3369 315 3432 omnia
327 3373 487 3448 precetur,
500 3372 531 3430 st
547 3365 671 3445 majora
688 3368 721 3427 in
737 3366 803 3430 dies
817 3377 924 3446 speret
936 3369 1080 3432 scientia
1092 3387 1130 3433 ae
1144 3369 1272 3450 pietatis
1286 3369 1496 3432 incrementa.

238 3515 278 3591 (al
298 3515 327 3572 ln
341 3521 444 3599 nostrae
458 3512 586 3570 editionis
600 3513 751 3598 appendice
764 3515 867 3600 primas
881 3515 989 3572 obtinet
998 3514 1218 3574 Casmmcntarius
1228 3517 1255 3573 in
1268 3515 1379 3587 lolam,
1391 3533 1472 3590 ocrem
1487 3532 1522 3577 eo
1534 3517 1599 3589 loci,
1613 3528 1727 3592 propter
1739 3522 1861 3584 ratlones

205 3590 236 3648 in
246 3586 363 3647 exordio
378 3598 464 3657 ipsias
476 3597 669 3642 commentam
683 3595 831 3656 expositas,
848 3587 1049 3643 tranrstalimus.
1066 3589 1142 3644 intr.

507 3886 581 4004 s.
618 3884 981 4002 ananau
1018 3887 1561 4005 annnomrnrr

755 4081 1041 4148 STRIDONENSIS
1062 4085 1311 4149 PRESBYTERI

571 4110 1482 4356 mammaemammal

210 4460 334 4622 ΙΝ
386 4439 1184 4620 EVANGELIUM
1249 4457 1860 4625 MATTHAEI

785 4713 874 4801 Al)
910 4716 1283 4806 EUSEBIUM

865 4876 975 4941 crunt
995 4877 1217 4962 ounruon„

1802 4823 1849 4851 -νφ

944 5029 1119 5050 ψ

867 5114 1191 5291 ptolomeo.

246 5446 1005 5534 1·2Plareslaisse,uuiEvangellaseripsernnt,etLa·
1060 5450 1147 5507 conati
1161 5459 1223 5510 sant
1236 5452 1360 5512 ordinare
1369 5455 1547 5513 uenationem
1560 5471 1657 5527 reum,
1672 5472 1731 5528 aaa
1744 5455 1771 5512 in
1782 5456 1860 5514 nolis

205 5551 423 5623 mserangelista
433 5544 671 5614 resistendieens:
683 5543 924 5615 Quoniamqniaiem
932 5543 1011 5600 manlii
1064 5547 1198 5616 complete
1211 5555 1288 5618 sunt,
1303 5550 1370 5604 siren
1383 5550 1548 5606 tradiderunt
1561 5551 1654 5618 nudis,
1673 5551 1718 5621 prii
1732 5550 1764 5604 al
1778 5551 1857 5606 initio

245 5684 328 5740 ⁸Sea
354 5696 420 5738 mss.
441 5678 550 5734 codices
565 5675 629 5733 huic
652 5677 873 5802 recognoscendo
896 5677 922 5734 in
942 5677 1012 5735 llat-
1064 5678 1196 5736 Crucisin
1210 5679 1360 5736 Jerusalem
1374 5681 1409 5736 dc
1420 5681 1503 5739 Urbe.
1516 5680 1584 5739 'ires
1596 5681 1858 5749 Vaticano-Palatini

119 5797 124 5804 -
208 5755 311 5814 casnm
324 5750 516 5810 Conrnreatario
535 5747 675 5820 suppetias
691 5757 718 5802 tu
732 5757 821 5804 erunt.
847 5747 923 5806 Unus
938 5765 1007 5820 prse-
1060 5751 1180 5807 nnnnreris
1192 5750 1255 5818 ltu,
1267 5753 1318 5807 l'll
1331 5765 1360 5808 et
1375 5753 1424 5809 181
1440 5754 1595 5821 prennntmi,
1609 5771 1624 5809 e
1638 5755 1738 5824 unibus
1750 5755 1856 5822 puriores

205 5825 301 5906 grandi
316 5824 419 5894 lorma,
431 5821 525 5898 proiice
538 5829 628 5878 autem
644 5829 728 5890 trote,
742 5833 775 5877 ex
789 5819 958 5878 Bibliotheca
971 5821 1002 5880 S.
1058 5821 1112 5880 duo
1124 5830 1260 5880 uetustate
1271 5831 1354 5901 atque
1363 5823 1553 5883 emendatione
1565 5823 1694 5903 insignies.
1706 5823 1773 5883 ltcrn
1783 5829 1855 5894 aliua
