4000 6334
231 327 286 391 tte
856 323 887 383 S.
909 319 1048 384 assueti
1066 312 1261 384 Ateuuttlltlt
1578 337 1580 342 ’
1833 310 1884 382 etl

239 456 243 502 t
270 443 362 513 (lars.
375 440 437 516 stt.)
450 440 504 499 Alii
516 449 604 498 autem
616 438 719 512 palmum
731 438 759 496 ia
777 439 872 513 {osum
885 441 943 513 ojus
957 439 1073 503 dede-A
1086 440 1225 501 consilium
1248 439 1364 497 inierunt
1386 453 1474 496 omues
1490 437 1620 512 principes
1633 439 1798 496 sacerdotum
1810 449 1835 495 rt
1847 457 1884 496 se-

232 544 306 603 runt,
334 534 447 592 diceutes
461 549 472 591 .·
486 532 648 607 Proplsetiao
669 532 758 600 nolis,
783 529 898 600 Cirisu,
916 531 977 604 pair
997 539 1037 587 ost
1086 535 1172 592 stiores
1184 534 1275 609 populi
1289 532 1411 590 adnuens
1425 531 1528 603 duum,
1543 544 1572 589 ut
1585 550 1643 590 eurr
1657 534 1735 590 morti
1745 533 1882 590 traderem.

231 631 279 702 qui
292 638 316 685 te
330 627 681 702 parueritismltumerat
701 626 911 686 verberantibus
920 640 1036 697 respon·
1086 625 1121 682 lit
1140 627 1255 684 unctum
1278 625 1455 696 mumanae,
1476 635 1503 684 et
1522 626 1688 684 tradideram
1708 643 1767 683 eum
1790 625 1885 682 Pontio

230 722 312 790 clere,
327 731 356 780 et
380 721 599 794 prophetizare·
612 720 776 789 mentem,
792 736 856 778 cum
869 719 959 792 palam
972 733 1036 790 per·
1085 716 1174 776 Pilato
1188 717 1305 792 presidi.
1321 718 1380 777 lion
1394 719 1486 778 solum
1499 719 1532 778 ad
1545 720 1676 791 Pilatum,
1692 721 1741 779 sed
1757 721 1885 779 etiamad

230 815 365 875 catienus
393 814 534 878 rideretur
561 815 678 873 insania.
706 815 761 876 Sed
783 813 856 873 sieut
879 814 933 872 uec
955 812 1036 870 vebis
1086 810 1222 870 llerodem
1236 811 1334 873 ductus
1358 821 1411 882 set,
1431 823 1462 871 ut
1484 821 1600 888 uterque
1613 813 1731 870 Domino
1745 813 1883 872 illuderet.

230 926 288 971 nou
301 909 485 984 prophetavit,
498 910 539 968 sie
551 909 618 968 illud
629 908 854 967 maailmtiseime
866 906 1036 965 vaticinatus
1085 903 1121 960 Et
1132 919 1215 962 eorum
1230 903 1445 964 sottteuuotnera
1457 905 1633 964 sacerdotum
1645 907 1672 962 iu
1687 907 1800 964 malum.
1816 905 1883 963 'lota

229 1022 284 1081 est,
299 1013 374 1085 quod
395 1011 614 1069 circumdaretur
629 1009 784 1068 Jerusalem
800 1007 835 1065 aa
856 1005 991 1076 exereitu,
1007 1012 1036 1062 et
1086 997 1378 1070 accumulaverunt,
1393 1009 1422 1056 ¹¹²
1441 998 1618 1058 l⁰ffll⁰ldll1m
1634 999 1764 1058 factioni·
1779 997 1816 1056 El
1831 999 1886 1055 our·

231 1121 289 1164 uun
300 1105 507 1178 relinqueretur
518 1103 589 1175 lapis
603 1117 687 1174 super
698 1101 817 1172 lapidem
832 1099 861 1156 ln
876 1099 989 1171 templo.
1085 1101 1154 1150 ctum
1176 1093 1343 1154 tradiderant
1364 1093 1464 1152 Pilato.
1481 1093 1623 1152 Habebunt
1645 1096 1720 1152 enlm
1741 1095 1814 1152 hune
1829 1109 1886 1150 mo·

265 1198 358 1274 (lere.
370 1193 847 1270 69.lPetruaoeroredsiuttorislu
860 1193 939 1250 otrle.
955 1188 1036 1248 Foris
1085 1201 1157 1255 rem,
1182 1195 1213 1244 ut
1232 1203 1313 1260 quem
1337 1188 1539 1261 adjudicassent
1560 1189 1654 1260 mortl,
1672 1189 1786 1264 ligatam
1798 1187 1886 1262 judici

228 1290 353 1358 sedebat,
378 1299 408 1346 ut
433 1290 541 1348 uideret
565 1290 671 1346 exitum
693 1287 746 1345 rel.
771 1287 805 1343 lit
820 1284 1035 1358 nunapprepin·
1086 1278 1238 1338 traderent.

228 1385 330 1456 quanm
343 1382 420 1450 lesu,
432 1397 469 1439 ne
480 1383 615 1438 ministris
626 1381 718 1453 aliqua
730 1379 852 1451 suspicio
863 1387 1033 1434 nasceretur.
1123 1373 1197 1430 Tune
1210 1375 1298 1432 uidens
1312 1373 1409 1446 ludos,
1425 1376 1469 1450 pai
1486 1391 1545 1432 eum
1559 1375 1760 1447 tradidissem
1776 1376 1887 1432 dorsuna·

264 1478 356 1554 (lers.
371 1476 429 1551 Ὦ.)
442 1477 476 1533 Ει
489 1477 583 1533 iterum
597 1477 699 1549 aspecit
714 1491 775 1531 eunt
790 1478 956 1549 juramento,
972 1473 1035 1544 quie
1086 1477 1128 1524 tus
1138 1476 1214 1539 erret,
1229 1471 1382 1542 poenitentia
1401 1471 1503 1540 ductus,
1528 1471 1619 1527 retulit
1635 1471 1741 1546 tripinto
1754 1479 1889 1546 repentem

227 1587 280 1627 uon
297 1570 357 1626 noui
372 1570 511 1625 nominem.
534 1567 570 1624 m
587 1576 646 1641 port
660 1568 786 1639 pusillam
806 1572 969 1624 noeumane
990 1564 1034 1638 pul
1084 1561 1249 1635 primipilus
1274 1563 1437 1620 sacerdotum
1451 1573 1476 1621 et
1488 1563 1646 1635 senioribus,
1666 1564 1776 1620 diceus:
1790 1562 1888 1618 Peron-

227 1664 343 1733 molant,
360 1665 515 1721 etdleerarrt
526 1663 616 1721 Petro.
627 1663 711 1722 Selol
723 1661 859 1737 quosdam
870 1661 1034 1735 piiatleetus
1085 1655 1411 1729 summensteten
1425 1661 1538 1732 justum.
1563 1655 1696 1714 Avaritiae
1722 1655 1888 1728 magnitudi-

227 1757 291 1830 [At.
314 1757 359 1829 pio
378 1756 495 1832 affeetu]
512 1773 580 1830 erpa
603 1757 766 1830 Apostolum
793 1757 921 1824 Petrum,
943 1757 1032 1814 locum
1086 1765 1148 1807 nem
1170 1751 1226 1824 [At.
1251 1750 1450 1824 magnitudine]
1472 1751 1621 1824 impietatis
1636 1749 1744 1824 pondus
1757 1748 1886 1806 exclusit.

225 1849 302 1908 hunc
329 1853 367 1908 ita
393 1853 611 1922 interpretatos,
640 1861 671 1908 ιιι
692 1851 817 1910 dicerem
839 1850 950 1909 Petrum
977 1839 1190 1908 uonBVidens
1200 1845 1285 1902 ludas
1294 1845 1440 1902 Dominum
1456 1844 1646 1918 adjudicatum
1656 1844 1750 1912 morti,
1766 1845 1889 1929 pretium

227 1941 316 2002 Deum
333 1958 460 2016 negasse,
477 1945 527 2001 sed
554 1944 708 2012 loominem,
721 1954 945 2002 etessesensum
960 1961 967 1998 a
982 1943 1036 2000 lle-
1087 1938 1182 1996 retulit
1207 1937 1414 2008 sacerdotibus,
1437 1940 1516 2011 quasi
1535 1942 1562 1996 in
1582 1945 1721 2011 potestate
1742 1953 1791 1994 sua
1815 1943 1890 1993 essct

227 2037 287 2094 scio
300 2035 453 2105 hominem,
464 2038 527 2107 quia
544 2037 603 2093 scio
617 2037 713 2095 ileum
726 2037 785 2095 lloc
809 2052 892 2109 qoam
904 2035 1034 2094 irivolmu
1086 2043 1294 2104 persecutorum
1308 2043 1416 2090 mutare
1438 2033 1615 2090 seutemiam.
1631 2031 1725 2103 ltaque
1744 2030 1809 2088 licet
1827 2047 1889 2087 mu·

227 2131 275 2199 sit,
288 2130 410 2203 prudens
435 2131 524 2188 lector
548 2130 691 2203 intelligit3
712 2128 869 2204 sic[At.sil
885 2129 1035 2187 detendunt
1087 2129 1184 2186 tauerit
1198 2127 1372 2202 ¹troluntatem
1397 2143 1485 2200 suam,
1512 2139 1602 2186 tamen
1625 2125 1774 2184 uoluntatis
1794 2127 1890 2198 prime

227 2225 524 2297 Apostolummtlieam
531 2221 1035 2284 menduottmumtaciameieutmisre
1085 2223 1189 2281 exitum
1202 2239 1256 2281 non
1270 2224 1397 2282 mutarit.
1414 2224 1443 2282 Si
1465 2232 1557 2282 autem
1574 2223 1697 2297 peccarit
1711 2221 1759 2279 ille
1770 2223 1818 2294 otri
1832 2229 1890 2277 tra-

227 2332 285 2374 nen
297 2317 420 2389 ueremi,
433 2332 503 2389 ergo
514 2317 648 2375 mentitus
662 2326 705 2374 est
716 2317 861 2386 Dominus,
886 2317 936 2390 qui
954 2315 1033 2374 dixe·
1085 2317 1154 2374 didit
1164 2320 1325 2391 sanguinem
1334 2319 1450 2390 iustum,
1466 2326 1571 2390 quanto
1590 2317 1677 2388 magis
1686 2313 1772 2372 ludaei
1790 2329 1892 2385 pecus-

226 2417 290 2466 rat:
307 2411 390 2465 maten
401 2410 461 2466 dieo
484 2410 541 2479 tili,
556 2412 618 2483 puio
631 2411 681 2466 ltus
699 2420 786 2479 noete,
797 2420 936 2483 cumeurn
947 2410 1034 2484 parter
1086 2422 1193 2479 uerunt,
1209 2413 1256 2484 qui
1272 2421 1400 2469 emerunt
1414 2409 1700 2483 sauguinemjustum,
1710 2417 1738 2464 et
1748 2403 1891 2463 ollereudu

227 2513 325 2573 cuntot,
339 2514 379 2559 ter
390 2521 430 2561 rac
445 2505 563 2579 repudia.
580 2505 669 2564 Cerne
680 2505 746 2578 pata
761 2505 845 2576 dicat,
859 2522 900 2563 me
914 2507 1032 2579 nepotis,
1084 2507 1215 2579 pretium,
1234 2506 1268 2564 ad
1290 2506 1477 2578 proditionem
1499 2503 1662 2577 discipulum
1686 2501 1891 2573 provocarunt?

225 2611 282 2654 noa
298 2596 452 2654 lonninem.
1084 2600 1135 2668 Qui
1158 2600 1281 2657 diuersas
1306 2609 1419 2656 naturas
1443 2607 1577 2658 conantur
1594 2597 1783 2666 introducere,
1804 2605 1834 2654 et
1848 2597 1889 2654 di-

262 2691 354 2764 (lers.
371 2693 429 2766 75.)
448 2693 514 2750 l'ere
532 2705 556 2750 ct
578 2705 607 2750 tu
630 2711 663 2750 ee
682 2695 739 2752 illis
754 2711 781 2752 er
796 2711 882 2750 :num
896 2705 919 2749 ct
932 2695 1036 2766 loquele
1084 2703 1149 2750 cunt
1170 2693 1269 2750 ludum
1293 2693 1465 2766 proditorem
1492 2694 1572 2749 malae
1596 2691 1679 2748 luisse
1699 2701 1817 2758 naturae,
1842 2706 1892 2748 nec

224 2788 489 2859 tuatemerritertma
504 2789 578 2860 feeit.
594 2787 654 2845 Nou
676 2787 749 2861 quod
765 2788 880 2845 alterius
893 2788 1033 2844 sermonis
1084 2787 1221 2843 electione
1251 2786 1305 2860 [At.
1331 2784 1496 2842 electionem
1521 2795 1545 2840 et
1570 2782 1693 2856 serrare]
1715 2783 1891 2854 apostolatus

225 2890 303 2938 esset
318 2881 427 2949 Petrus,
443 2889 492 2937 aut
505 2881 594 2952 gentis
605 2891 718 2938 exteras.
735 2881 838 2938 (imaue
860 2880 963 2952 quippe
977 2880 1033 2937 lle·
1085 2880 1208 2952 potuisse
1221 2879 1338 2949 servari,
1355 2877 1545 2950 respondeant
1555 2877 1692 2950 quomodo
1706 2884 1804 2933 natura
1820 2877 1891 2933 mala

225 2975 295 3032 lucei
307 2985 398 3041 mant,
412 2984 441 3031 et
454 2976 500 3046 quui
515 2974 676 3047 urguebunt,
693 2984 722 3032 et
735 2976 782 3047 qui
797 2975 962 3046 arguebatur
976 2975 1032 3048 [Ar.
1084 2974 1173 3046 egerit
1186 2973 1388 3046 poenitentiam.

223 3067 492 3140 arguebantur];scd
502 3067 578 3138 quod
589 3067 905 3138 utracumqueprorincia
916 3077 944 3123 et
957 3067 1034 3139 regio
1121 3065 1214 3138 (vers.
1230 3064 1270 3137 5.)
1280 3064 1314 3120 At
1327 3065 1369 3120 illi
1379 3064 1525 3119 dicerunt:
1542 3061 1659 3130 Quidue
1674 3064 1740 3118 uos?
1759 3059 1799 3118 Tu
1815 3063 1891 3118 ride-

225 3164 329 3221 lrabeat
354 3162 537 3234 proprietates
566 3177 643 3231 suas,
669 3173 698 3218 et
722 3160 777 3234 [ut.
793 3161 835 3236 ut]
854 3162 1033 3220 vernaculum
1084 3161 1131 3218 ria.
1151 3160 1184 3217 Et
1209 3160 1332 3234 projectis
1351 3159 1521 3234 orpeuteiria
1536 3158 1643 3228 templo,
1663 3156 1743 3230 227
1758 3159 1892 3214 recurrit:

221 3254 354 3328 loquendi
367 3269 466 3312 sonum
481 3255 569 3311 uitare
580 3270 634 3310 uon
648 3254 746 3327 possit.
762 3253 841 3312 Unde
854 3264 883 3312 et
896 3265 909 3294 ι
924 3252 1032 3324 Ephra-
1046 3241 1070 3310 C
1084 3265 1109 3312 et
1122 3255 1223 3324 eliens,
1247 3252 1341 3326 laqueo
1356 3270 1383 3310 re
1395 3251 1542 3324 suspendit.
1563 3250 1636 3307 llllrll
1658 3249 1783 3322 proluitd
1799 3251 1892 3322 egisse

224 3349 288 3406 tlrsei
302 3350 330 3405 in
346 3347 473 3406 iudicum
483 3346 555 3404 libro
569 3348 641 3419 (cup.
655 3349 705 3419 xor}
718 3361 774 3404 non
789 3355 905 3419 possunt
915 3350 1033 3420 rumpe
1085 3347 1288 3424 poenitentiam,
1304 3362 1353 3422 per
1365 3361 1446 3419 quam
1459 3346 1553 3403 scelus
1563 3345 1704 3418 corrigere
1719 3358 1774 3400 uou
1789 3345 1891 3414 proruit.

224 3443 329 3504 dicere.
1086 3443 1116 3501 Si
1130 3441 1238 3515 quando
1254 3441 1293 3497 sic
1308 3439 1393 3498 irater
1406 3447 1501 3512 peccat
1514 3439 1542 3496 iu
1558 3439 1684 3505 fratrem,
1696 3447 1726 3494 ut
1738 3436 1892 3494 emendare

260 3539 353 3613 (Vere.
368 3538 413 3606 ll,
429 3537 575 3611 'lallare
590 3535 801 3609 oupitdetcaturi
814 3547 838 3592 et
853 3538 1034 3612 immersio
1086 3535 1174 3591 valcat
1190 3533 1262 3604 uttod
1281 3533 1413 3604 peccarit,
1436 3541 1527 3604 potest
1548 3533 1574 3587 ei
1595 3529 1707 3586 dimitti.
1722 3527 1772 3587 Sin
1795 3537 1890 3586 autem

224 3651 278 3690 non
290 3633 495 3706 nemoriatur
505 3632 648 3688 lronuuem.
659 3630 694 3686 m
706 3633 831 3688 contiuuo
844 3631 930 3704 peltas
940 3641 1033 3688 sorite·
1085 3639 1246 3700 permanent
1259 3641 1353 3698 opera,
1372 3625 1473 3682 trustra
1495 3639 1562 3681 soce
1585 3622 1734 3681 assumitur
1750 3625 1891 3695 peniten-

224 3728 270 3783 uit.
285 3725 319 3781 Ει
333 3727 532 3783 recordaturum
548 3727 644 3782 Petrus
658 3727 729 3782 aerii
740 3725 814 3793 lesu,
827 3726 898 3797 quod
908 3726 1032 3781 diceret:
1084 3721 1132 3778 tia.
1148 3723 1205 3778 lloc
1220 3721 1347 3793 estquod
1363 3721 1390 3777 in
1406 3721 1512 3791 psalruo
1524 3720 1558 3776 de
1573 3719 1670 3774 eodem
1693 3717 1892 3776 intelicissimu

225 3816 387 3891 Priuspuum
411 3819 499 3891 pullus
526 3828 623 3888 contet,
655 3829 694 3874 ter
719 3835 760 3873 me
782 3817 898 3890 aepulis.
922 3817 952 3873 ln
976 3817 1032 3873 alio
1084 3814 1288 3871 Judadicitur:
1307 3813 1341 3868 Ει
1369 3813 1455 3869 orceo
1475 3813 1532 3884 ejus
1560 3811 1607 3882 fiet
1628 3811 1655 3866 in
1678 3819 1811 3881 peccatum
1829 3809 1890 3882 (Pr.

224 3914 372 3985 Evangelio
388 3913 507 3985 legiruus
523 3930 530 3968 :
553 3912 616 3984 quia
633 3923 695 3983 post
710 3909 886 3983 negationum
902 3910 989 3976 Petri,
1006 3917 1033 3965 ct
1083 3922 1162 3972 uvrrr,
1176 3905 1219 3978 'll;
1234 3917 1264 3962 ut
1283 3921 1338 3962 nnn
1351 3905 1441 3962 solum
1456 3905 1605 3962 emendare
1628 3905 1781 3976 irequiverit
1795 3904 1893 3974 predi-

224 4015 335 4063 cautum
349 4005 429 4077 galli,
441 4007 595 4078 respexerit
605 4004 732 4063 Salvator
746 4005 872 4073 Petrum,
888 4014 917 4061 et
931 4006 1030 4061 iutuitu
1083 4003 1166 4059 tionis
1180 4001 1268 4070 melas,
1292 3999 1344 4057 sed
1365 4000 1399 4057 ad
1417 4001 1495 4072 prius
1509 3999 1602 4056 scelus
1615 4000 1698 4056 etiam
1716 3999 1823 4070 proprii
1840 4000 1890 4055 lm

224 4111 276 4154 suo
290 4113 354 4154 eum
367 4096 401 4154 ad
415 4113 524 4155 amaras
538 4098 677 4170 lacrymas
700 4098 866 4171 provocarit.
890 4097 946 4154 Nec
970 4097 1031 4155 lieri
1083 4095 1188 4152 mieidii
1201 4095 1305 4153 crimen
1328 4093 1475 4152 addiderit.
1491 4094 1558 4151 'lale
1570 4094 1635 4166 quid
1650 4102 1678 4150 et
1692 4095 1848 4165 Apostolus
1864 4095 1891 4150 ln

222 4199 342 4262 poterat,
359 4200 388 4246 us
400 4192 426 4245 in
438 4191 591 4263 negationis
603 4191 727 4249 tenebris
741 4201 929 4264 permaneret,
948 4205 1029 4262 quem
1086 4189 1205 4247 secunda
1222 4189 1255 4246 sd
1269 4188 1427 4246 Corinthios
1442 4187 1565 4260 Epistola
1582 4187 1703 4259 loquitur
1720 4205 1727 4244 :
1751 4186 1793 4243 lle
1807 4190 1892 4244 etun·

225 4282 273 4339 lux
289 4294 451 4356 respexerat
464 4285 573 4342 muudi.
1083 4281 1199 4338 duutiori
1212 4279 1319 4336 tristitie
1333 4279 1502 4336 absorbeatur
1518 4281 1598 4352 frater
1613 4287 1625 4316 ⁰
1641 4278 1675 4352 (ll
1689 4277 1750 4334 Cor.
1765 4295 1794 4346 u,
1813 4279 1855 4352 7).

260 4375 427 4450 Etoprcssus
446 4379 528 4448 soror,
551 4379 623 4449 uerit
646 4394 745 4433 umere.
771 4377 802 4433 ln
824 4379 895 4434 atriu
916 4377 1029 4448 Caiphae
1120 4375 1213 4448 (Vere.
1228 4373 1268 4446 6.)
1292 4373 1433 4446 Principes
1455 4383 1544 4428 autern
1572 4372 1755 4443 sacredotum,
1777 4373 1895 4446 acceptis

221 4469 340 4538 sedens,
364 4485 420 4526 non
436 4480 543 4540 poterut
557 4485 639 4541 agere
663 4471 864 4542 poeniteutiam.
882 4470 1031 4541 Egreditur
1082 4470 1231 4544 orpeutcis,
1254 4468 1400 4524 dirorum:
1417 4467 1480 4524 Nou
1499 4469 1559 4524 ticet
1573 4485 1618 4524 eos
1632 4469 1732 4523 mittero
1747 4468 1776 4523 in
1795 4469 1887 4524 corlo-

222 4563 301 4619 luras
327 4562 363 4620 de
386 4562 533 4634 impiorum
556 4562 728 4631 concilium
754 4564 861 4635 pavidae
876 4563 1029 4636 negationis
1081 4580 1142 4620 uum
1165 4563 1226 4638 [At.
1251 4562 1431 4637 corlouom]‚
1454 4564 1515 4635 puio
1533 4563 1645 4635 pretium
1669 4561 1806 4634 ronpuiut's
1836 4571 1885 4617 est.

224 4655 321 4713 sordes
333 4654 437 4711 amaris
450 4654 559 4712 lletilnus
572 4655 657 4712 lavet.
1038 4633 1067 4696 D
1083 4657 1152 4716 tere
1166 4656 1282 4715 culicem
1298 4658 1455 4728 liquantes,
1480 4664 1509 4712 et
1518 4656 1653 4712 cartrelum
1668 4654 1832 4727 glutientes.
1856 4654 1888 4711 Si

224 4809 228 4816 ,
260 4749 340 4822 (Gap.
354 4746 615 4807 tivit-teret
631 4748 728 4822 seqq.)
744 4748 823 4824 lione
838 4760 926 4808 eutem
944 4755 1027 4827 pacto,
1082 4753 1157 4810 enim
1171 4750 1234 4808 ideo
1250 4766 1305 4808 rron
1321 4751 1434 4807 mittunt
1448 4749 1594 4822 pecuniam
1611 4748 1638 4805 in
1654 4747 1822 4818 corbonam,
1840 4747 1895 4805 lroc

263 4965 276 4993 ι
296 4957 384 5013 Antea
404 4953 560 5026 legebatur,
585 4956 753 5011 redemitus.
771 4955 870 5013 Verior
888 4971 970 5029 quam
987 4971 1034 5013 re·
1083 4973 1180 5016 uocem
1195 4941 1289 5028 nium,
1301 4957 1474 5028 rciiiioletlr,
1491 4973 1572 5030 quiam
1587 4955 1748 5028 Epitratltaci
1764 4972 1893 5029 pronun-

226 5029 373 5157 pgsuimus
389 5026 423 5083 ad
436 5029 465 5083 S.
481 5026 572 5084 Patris
585 5038 705 5084 mentem
727 5029 849 5083 omnium
865 5043 933 5085 mss.
947 5027 1032 5085 lectio
1085 5055 1189 5110 stabam
1211 5037 1303 5120 nuzo,
1322 5052 1459 5136 ,fppopqm
1475 5051 1548 5136 pide
1567 5050 1692 5138 rupicum
1710 5051 1755 5105 pb·
1775 5067 1838 5133 φρ.
1854 5069 1894 5109 m

264 5139 401 5254 iustus
414 5183 486 5254 uuus
502 5170 611 5226 uidetur
630 5171 659 5226 S.
680 5169 854 5235 Autonoeius,
873 5169 954 5253 cujus
972 5171 1032 5228 lraee
1084 5123 1209 5252 νεξῧῇῐξ
1224 5124 1367 5252 Μῖὲᾪ
1387 5123 1697 5252 §Jiifforf‘pffifflffiffl
1718 5121 1894 5250 Smfflh

226 5254 363 5326 ⁵³P¹⁰¹¹¹¹³
385 5241 463 5324 llll
478 5257 504 5298 ¹¹¹
519 5241 638 5304 Luam·
656 5257 684 5296 ¹¹·
700 5240 738 5326 ⁸?
753 5259 760 5296 ²
776 5238 848 5301 ΒΜ
862 5242 1033 5324 ''W'’”f‘fl'
1083 5214 1161 5337 laium,
1178 5211 1349 5340 piscinarius
1364 5267 1503 5337 exemplo.
1520 5211 1586 5322 Μιὲ.
1603 5274 1693 5322 tamen
1708 5209 1810 5322 uitetur
1827 5213 1893 5325 eia·

225 5313 667 5454 ἰιίιέἷιξτιιίιὰὃιιιᾶἶἰιιίιιξιιιὶιιιῃιέιιιιὲιὲυξι
680 5311 957 5455 Ἒιιυιειιιιῐοξὲὲῗιίᾔ
969 5328 1033 5458 W
1084 5344 1162 5415 rupa,
1179 5349 1226 5426 aut
1237 5340 1334 5426 latine
1344 5340 1490 5412 spartarum,
1500 5339 1572 5408 quiid
1589 5338 1632 5392 lile
1645 5337 1755 5422 proprie
1769 5340 1891 5430 siparia,

351 5427 358 5452 a
665 5426 671 5449 ’
890 5427 897 5450 ·
951 5424 960 5449 ⁹
1009 5455 1014 5466 .
1085 5423 1158 5482 notro,
1180 5411 1516 5482 srserndrrrurrrust,quo
1536 5408 1570 5465 slr
1594 5408 1768 5480 Epimetheus
1788 5413 1892 5467 (salaa-

226 5458 283 5512 *Μ
302 5456 406 5527 imm
425 5455 784 5552 ¹³⁰”“?'f''¹.’¹‘9⁰b“⁸·4““l¹
824 5451 1030 5526 ‘imumlm’
1084 5481 1890 5554 diludistinguclmntuu.Dinimusdelmeterltoalilrisul

225 5536 446 5599 mmmmm·
470 5527 597 5588 ”neum
619 5526 770 5582 ⁰¹⁰⁰⁵³¹¹d¹
794 5524 906 5596 ²ff⁰⁰²⁰⁹
928 5540 985 5584 '¹⁰¹¹
1000 5538 1031 5586 ¹¹²
1083 5555 1163 5624 epist.
1179 5556 1246 5622 ll8,
1269 5555 1304 5611 ud
1322 5553 1461 5611 lulianum
1484 5554 1573 5618 initio,
1596 5553 1642 5610 ubi
1664 5561 1755 5609 tamen
1773 5553 1890 5608 diuerso

226 5600 551 5728 cu'eplqllgsa'eerganineililuris
576 5668 798 5738 vulpoapuduos
810 5669 944 5732 temotdu
992 5684 1017 5726 et
1082 5626 1221 5697 mmm*
1233 5627 1334 5710 am
1349 5625 1503 5711 §mummius
1518 5625 1664 5710 acfflpiq'ff'·
1816 5695 1822 5708 ·

227 5739 367 5797 dicebmur
380 5742 498 5823 adriana
511 5711 561 5801 uel'
570 5739 710 5825 sipisim,
725 5740 831 5812 situum
843 5742 916 5825 quud
932 5687 1030 5815 affin:
1081 5697 1131 5825 rted
1147 5699 1427 5842 aineriomwfflum'
1447 5695 1514 5753 mm
1528 5699 1626 5771 profan
1641 5713 1664 5752 η
1680 5710 1738 5752 m
1751 5705 1884 5768 mm.

247 5811 1026 5896 namcreantibusdabaturrutandmcontusromscausa.
1118 5817 1130 5881 ,ζ
1178 5787 1219 5898 dg
1246 5861 1251 5896 ¹
1285 5811 1293 5838 '
1356 5841 1485 5897 unm·
1528 5841 1555 5895 αἱ
1586 5839 1746 5896 ,mm

226 5825 620 5954 lamadrmerpouauooam
640 5898 691 5953 pro
712 5883 1027 5957 erpnoaespntlremate
1152 5845 1172 5898 Α
1217 5841 1381 5899 ⁰¹⁸n⁰¹¹¹¹¹
1460 5856 1526 5913 Μ
1567 5855 1626 5913 ⁶¹⁸
1724 5857 1757 5896 ¹⁶
