4000 6334
256 287 311 346 tet
883 277 1072 340 subsedit
1095 276 1287 339 lttenbntttt
1849 277 1902 340 288

256 401 308 459 bus
321 403 394 477 loqui
409 401 541 472 rnluorir,
553 417 608 460 non
621 401 745 475 decipies
754 414 842 472 tneque
857 397 958 455 babere
972 403 1054 470 pute·
1064 394 1093 458 Δ
1104 407 1157 452 non
1173 395 1208 452 de
1221 394 1343 465 Christo,
1357 393 1404 452 sed
1415 395 1450 452 de
1459 397 1563 455 sanctis
1577 397 1769 471 intelligique
1784 409 1903 468 requam

257 497 522 553 ruotructoritatem
535 496 702 553 assertiones
713 505 776 552 tuor.
788 492 836 552 Sic
849 492 916 564 legit
930 490 1056 561 Scriptu-
1107 496 1160 558 tur,
1175 488 1310 544 ausculta.
1325 488 1348 544 A
1364 490 1442 545 ruina
1467 499 1497 546 et
1517 492 1654 548 demonio
1675 489 1832 547 meridiano
1848 505 1903 546 non

255 589 494 665 ruem-m
506 591 626 648 Marcion
641 600 669 648 ut
682 589 822 657 diabolus,
843 589 884 645 sic
908 584 1053 653 Basilides,
1105 581 1197 640 lesum
1212 581 1353 639 Cirristurn
1379 583 1478 640 liberat
1498 586 1587 656 Deus,
1616 585 1665 642 sed
1690 594 1811 641 sanctos.
1832 583 1904 655 Lero

257 684 298 739 tie
312 683 484 754 Valentinus,
501 693 531 740 ut
544 699 606 741 cum
622 683 733 740 diabolo
751 681 878 740 dicerent
891 677 1052 736 salvatori:
1107 678 1315 748 nonagesimum
1333 678 1477 750 psalmum,
1493 680 1571 752 cujus
1585 678 1748 751 principium
1764 693 1773 738 ι
1791 678 1845 745 Qui
1856 679 1904 732 bo·

258 774 394 846 Scriptum
407 787 456 845 ert,
467 776 531 849 puio
544 776 651 848 dupclr's
664 776 718 831 ruis
732 773 865 828 muudumt
883 773 916 828 de
934 779 973 836 te,
984 777 1011 826 et
1025 769 1054 824 t'u
1105 770 1171 825 bitot
1191 771 1219 825 t'u
1239 771 1373 840 adjutorio
1390 771 1528 840 ditissimi,
1545 773 1574 827 in
1588 773 1749 844 protectione
1771 769 1822 826 bet
1848 769 1906 825 cuii

255 869 481 925 moniburtoilert
495 879 535 939 tr,
550 887 584 925 ue
600 872 667 942 forte
681 867 800 938 offendor
820 865 855 922 od
872 864 988 936 lapidem
1008 877 1055 936 pe·
1104 865 1320 932 commorabitur,
1343 876 1370 922 et
1396 865 1522 922 inuenies
1546 865 1607 923 lutee
1631 867 1718 934 marie
1735 865 1903 936 protoviro,

256 960 317 1017 dun
337 972 411 1018 tuum
429 960 539 1033 (llotti.
558 961 607 1034 rr).
629 961 658 1020 Si
676 960 787 1032 quando
812 956 998 1015 testiinonium
1019 955 1054 1012 dc
1104 972 1185 1031 quam
1200 958 1327 1015 beiFilio
1341 959 1489 1016 convenire
1501 975 1509 1018 ι
1520 959 1620 1017 dudem
1633 977 1650 1016 o
1665 960 1747 1016 tatere
1759 969 1805 1014 tuo
1820 958 1903 1025 mille,

258 1054 401 1128 Scriptura
414 1056 545 1127 audieris,
561 1056 624 1113 ride
638 1071 672 1112 ne
684 1055 777 1111 statim
792 1054 912 1126 loquenti
927 1053 1054 1124 acqutes-
1104 1063 1129 1109 et
1142 1054 1229 1109 decern
1244 1053 1356 1109 millius
1369 1053 1469 1111 deutris
1481 1056 1552 1123 tuir,·
1565 1055 1601 1110 ud
1615 1063 1734 1111 troutern
1744 1069 1796 1108 uon
1809 1068 1906 1123 oppro-

254 1161 319 1216 eas,
334 1149 382 1206 sed
400 1151 546 1207 considers
567 1150 645 1206 illum
662 1149 743 1220 cujus
763 1149 818 1217 sit,
838 1161 873 1204 ac
890 1147 970 1220 cujus
990 1161 1055 1202 sen·
1103 1145 1256 1218 pinpucbit,
1270 1157 1443 1200 verumtamen
1457 1146 1542 1202 nertiir
1553 1149 1617 1214 tuis,
1632 1145 1742 1212 uidebis,
1758 1143 1907 1200 etretribu-

254 1241 361 1309 tentiae,
377 1243 457 1313 cuins
479 1243 515 1299 sit
536 1242 683 1299 voluntatis
697 1259 705 1295 t
721 1255 757 1297 ne
770 1239 842 1297 iorte
854 1239 968 1296 simulet
987 1255 1052 1294 san·
1104 1241 1198 1297 tionem
1211 1242 1321 1313 aspicies
1337 1253 1518 1309 peecatorum,
1536 1250 1564 1296 et
1578 1240 1695 1313 reliqua,
1708 1252 1793 1310 super
1809 1250 1907 1308 persu-

253 1343 328 1390 ctum
343 1347 374 1391 se
394 1349 459 1393 esso
478 1336 617 1406 quomodo
633 1350 686 1391 non
696 1344 750 1400 est,
763 1341 792 1390 et
805 1333 919 1390 venenis
932 1331 1052 1388 inlectus
1104 1352 1165 1392 nam
1178 1336 1243 1407 justi
1262 1335 1457 1407 interpretans.
1478 1335 1576 1392 Sedet
1596 1334 1637 1390 sio
1649 1347 1758 1406 quoque
1775 1345 1906 1403 perverse

253 1425 411 1495 hereseos,
422 1427 475 1482 sub
487 1428 547 1484 osis
562 1427 634 1500 pelle
648 1426 728 1498 lupus
743 1425 848 1492 latitet,
863 1441 897 1481 ne
917 1425 989 1482 lorte
1013 1424 1050 1480 lo·
1104 1423 1564 1493 aderensdiabulustestimonia,ut
1574 1433 1710 1481 assereret
1721 1419 1907 1492 supersuitu-

253 1527 355 1588 uuatur
370 1521 398 1574 in
411 1534 445 1576 eo
459 1520 585 1577 diabolus
595 1521 630 1578 de
640 1520 798 1592 Scripturis.
808 1518 950 1590 Quomodo
961 1527 1052 1575 autern
1105 1530 1164 1575 tore
1178 1517 1303 1590 intelligi,
1316 1517 1380 1576 silet
1391 1530 1420 1573 et
1432 1519 1530 1574 transit
1542 1515 1693 1574 versiculos
1702 1515 1751 1586 qrri
1765 1521 1864 1570 contro
1876 1529 1906 1570 so

254 1611 381 1670 diabolus
407 1629 457 1685 per
479 1615 651 1672 occasionem
663 1625 818 1685 temporum
844 1612 878 1670 de
903 1611 1054 1684 scripturis
1104 1611 1199 1682 scripti
1213 1621 1288 1668 sunt.
1303 1609 1370 1668 Gnrn
1386 1613 1459 1668 enirn
1474 1610 1589 1668 dixisset
1600 1627 1608 1668 r
1619 1609 1719 1682 onpclir
1730 1607 1907 1664 sniumundo·

251 1701 399 1778 loquitur:
421 1710 462 1766 sic
481 1710 637 1767 econtrario
650 1709 751 1766 Paulus
760 1723 811 1780 pro
826 1706 944 1764 utilitate
956 1721 1051 1762 eorurn
1103 1704 1139 1760 rit
1151 1703 1184 1760 de
1197 1713 1232 1773 te,
1243 1711 1268 1759 et
1280 1705 1308 1759 iu
1318 1703 1438 1760 monibus
1450 1704 1540 1760 tollent
1555 1711 1590 1766 te,
1605 1719 1637 1758 ne
1650 1703 1717 1773 sorte
1733 1699 1856 1770 offendor
1871 1699 1906 1754 ud

254 1802 301 1871 qui
312 1801 436 1870 audiunt,
450 1817 503 1860 non
515 1803 606 1860 solum
615 1804 650 1861 de
661 1803 825 1875 scripturis,
838 1799 886 1857 ted
909 1804 993 1856 etiam
1017 1798 1051 1855 de
1066 1795 1092 1858 B
1104 1797 1218 1870 lapidem
1230 1796 1320 1869 pedem
1335 1806 1418 1867 tuum,
1432 1797 1516 1853 tacuit
1531 1793 1596 1853 illird
1611 1795 1683 1867 quod
1694 1795 1820 1867 sequitur
1832 1809 1841 1849 r
1854 1793 1907 1849 Su-

256 1904 269 1930 ι
281 1895 459 1952 saecularibtts
473 1898 552 1954 libris
576 1898 691 1955 assernit
717 1893 917 1963 testimonium,
945 1905 975 1950 et
995 1893 1053 1949 ait:
1104 1891 1283 1972 percopiosus
1303 1901 1328 1947 et
1349 1891 1501 1948 basiliscum
1515 1891 1675 1958 nnrbulobis,
1699 1899 1725 1947 et
1740 1889 1906 1946 conculcabit

254 1984 388 2044 Cretenses
398 2004 499 2062 semper
509 1990 657 2060 menduces,
672 1989 860 2053 malebestiae,
874 1996 974 2042 centres
986 1986 1055 2060 pipri
1105 1984 1206 2040 leonem
1216 1994 1239 2041 et
1254 1985 1407 2040 droconem.
1422 1983 1523 2056 Quare,
1535 1983 1658 2052 diabole,
1672 1983 1751 2050 siler,
1763 1983 1821 2040 nisi
1834 1981 1906 2051 qnod

254 2075 319 2149 (Tit.
335 2095 354 2144 ι,
371 2079 429 2152 li).
448 2081 483 2137 Et
498 2098 609 2138 rursum
623 2082 659 2140 do
675 2082 732 2138 alio
746 2099 754 2135 s
768 2078 860 2152 ipsius
879 2080 949 2136 euim
964 2089 988 2135 et
1008 2096 1055 2152 pe-

253 2187 303 2226 nur
323 2189 415 2230 sumus
440 2173 510 2246 (det.
522 2191 597 2245 rrn,
614 2173 672 2250 tt).
690 2176 803 2232 Necnon
817 2181 847 2230 et
865 2174 902 2229 de
919 2173 1052 2228 ilenrico:

255 2261 432 2338 Corrumpunt
451 2283 536 2324 urerer
551 2269 633 2325 bonor
645 2269 777 2335 colioout'o
793 2266 866 2325 ntoio
877 2266 903 2340 (l
915 2265 977 2324 Gor.
993 2264 1052 2339 ur).

254 2360 308 2417 Sed
324 2377 411 2434 neque
424 2363 551 2421 diabolus
572 2366 595 2423 si
614 2364 650 2423 de
665 2364 816 2434 Scripturis
832 2364 940 2421 locutus
953 2361 1052 2428 inerit,

255 2453 415 2524 poteritne
429 2456 480 2512 bae
495 2458 642 2516 occasione
655 2459 785 2531 decipere
804 2476 811 2513 :
831 2471 921 2529 neque
937 2455 1051 2524 Paulus,

257 2547 325 2604 side
335 2549 485 2619 gentilibus
497 2551 598 2608 litteris
608 2551 718 2625 aliquod
726 2551 882 2623 exemplum
894 2548 1054 2619 sumpserit,

255 2653 367 2711 quoqne
381 2641 463 2698 modo
478 2658 523 2700 rue
542 2643 653 2716 eloquio
667 2641 831 2700 deterrebit.
843 2640 907 2698 ldco
921 2639 995 2696 enirn
1010 2653 1054 2693 as-

256 2733 373 2804 sumpsit
388 2734 490 2791 Pnulus
502 2736 585 2792 rerba
601 2736 683 2792 etiam
704 2736 739 2790 dc
760 2733 803 2789 lris
817 2749 879 2805 quar
889 2731 957 2788 loris
971 2738 1051 2802 sunt,

261 2833 290 2879 ut
302 2826 456 2884 sanctificet
465 2843 509 2884 ea.
523 2826 672 2886 ilideamus
684 2842 750 2898 ergo
762 2827 834 2898 quod
849 2827 884 2884 de
903 2824 1053 2896 Scripturis

258 2919 384 2976 diabolus
398 2920 527 2992 loquatur
539 2922 573 2976 ad
589 2921 889 2991 nominenominee
906 2927 943 2975 est
958 2919 1051 2976 euim:

1106 2086 1133 2134 tu
1148 2093 1178 2134 cs
1193 2076 1356 2144 basiliscus,
1373 2087 1401 2134 tu
1417 2093 1449 2135 es
1462 2078 1583 2134 omnium
1597 2075 1765 2147 serpentium
1777 2075 1902 2148 regulus,

1104 2170 1263 2226 nocentiora
1280 2169 1384 2226 babens
1398 2185 1505 2227 venenu
1520 2185 1602 2242 quem
1615 2169 1729 2226 ceteri?
1742 2169 1795 2239 Qui
1809 2171 1905 2226 statiru

1105 2275 1134 2319 ut
1147 2263 1247 2320 rideris
1268 2264 1399 2334 aliquem,
1422 2262 1566 2330 interficis,
1578 2273 1606 2318 et
1621 2262 1701 2319 aliam
1716 2263 1905 2320 tortitudinem

1104 2358 1271 2413 contrariam
1283 2357 1386 2414 socium
1401 2357 1440 2413 tui
1454 2355 1584 2423 assrrnris,
1598 2371 1661 2426 nuae
1686 2355 1760 2429 aspis
1779 2356 1907 2426 appello·

1103 2463 1159 2521 tur,
1172 2461 1199 2508 et
1209 2452 1267 2506 niro
1274 2450 1351 2522 justo
1361 2451 1484 2522 subjecta
1495 2459 1548 2517 ost,
1560 2461 1587 2507 et
1598 2450 1702 2507 ideirco
1713 2452 1806 2508 omnia
1820 2458 1905 2508 taces.

1103 2544 1143 2600 ‘iu
1159 2559 1190 2600 es
1205 2544 1301 2611 draeo,
1317 2553 1345 2600 tu
1359 2560 1388 2600 es
1402 2545 1457 2610 leo,
1482 2543 1518 2601 de
1535 2543 1635 2616 qulbus
1644 2543 1774 2600 scribitur
1790 2559 1799 2601 ι
1816 2543 1905 2618 Super

1103 2637 1221 2708 aspidem
1235 2647 1258 2694 et
1273 2638 1424 2695 basiliscum
1440 2637 1564 2703 colendis,
1583 2647 1608 2694 et
1622 2637 1788 2694 concumbit
1803 2638 1905 2694 leonem

1102 2737 1127 2786 et
1141 2732 1291 2786 draconem.
1303 2730 1357 2788 Sed
1371 2730 1437 2788 licet
1453 2739 1481 2788 tu
1497 2741 1599 2799 luceas,
1620 2745 1670 2788 nos
1689 2731 1737 2803 qui
1752 2731 1905 2801 scripturas

1103 2826 1204 2883 rectius
1230 2825 1361 2898 legimus,
1387 2827 1490 2883 scimus
1512 2827 1641 2884 lubere⁰
1659 2841 1711 2882 nos
1736 2835 1904 2898 potestatem

1102 2918 1282 2975 correulcandi
1297 2929 1341 2989 te,
1354 2928 1382 2976 et
1395 2919 1486 2976 dstnrn
1499 2919 1579 2978 nobit
1597 2920 1667 2976 bane
1682 2918 1834 2988 ditionem,
1850 2936 1903 2976 non

253 3010 359 3084 inpetu
372 3017 427 3069 ruis
443 3015 578 3070 moudouit
590 3016 626 3070 ud
637 3028 676 3083 te,
691 3025 715 3070 et
730 3016 757 3071 in
771 3013 891 3069 inanibus
905 3011 995 3068 tolient
1012 3021 1050 3080 te,
1100 3012 1189 3068 solnm
1214 3013 1242 3067 in
1268 3013 1356 3070 reteri
1381 3013 1558 3070 Testamentn
1583 3013 1654 3068 sicut
1677 3028 1749 3069 nnnc
1774 3023 1904 3070 cantatur

252 3123 284 3160 ne
299 3111 367 3178 {orte
377 3105 494 3176 offerretur
507 3108 543 3162 od
557 3108 669 3182 lapident
684 3106 776 3178 pedem
789 3115 872 3161 tunm.
899 3103 964 3161 tide
982 3119 1051 3171 uun·
1102 3103 1129 3160 in
1145 3104 1265 3173 psalmo,
1283 3103 1430 3160 sedetiam
1453 3105 1480 3160 in
1496 3118 1584 3172 novo,
1600 3104 1745 3162 satratme
1765 3103 1902 3162 dicente:

251 3197 333 3253 ruodo
348 3208 377 3255 et
403 3199 429 3254 in
454 3199 520 3270 ipsis
544 3199 711 3256 testimoniis
733 3196 888 3269 versipellis
910 3204 962 3253 eet.
985 3193 1049 3252 Vult
1062 3185 1087 3252 G
1101 3197 1282 3272 wrm
1299 3199 1368 3256 Eece
1380 3201 1413 3256 tio
1428 3200 1497 3258 robis
1514 3205 1665 3274 potestatem
1685 3201 1808 3258 enteanot
1822 3218 1902 3276 super

251 3290 326 3348 enirn
341 3293 504 3352 irnrninuere
518 3295 633 3366 gloriam
656 3290 809 3350 salvatoris
822 3309 829 3346 :
844 3290 923 3364 qnasi
937 3291 1049 3363 angolo-
1105 3303 1236 3364 serperrter
1248 3303 1272 3348 et
1286 3297 1446 3368 scorpiones,
1457 3304 1481 3350 et
1496 3313 1596 3351 omnem
1610 3297 1729 3352 uirtutem
1746 3298 1864 3366 inimici,
1880 3305 1903 3352 et

252 3399 313 3440 rurn
329 3385 451 3458 indigeat
465 3385 577 3455 auxilio,
591 3385 746 3443 odensnrus
759 3385 867 3456 pedem,
883 3385 1047 3441 triticorum
1098 3385 1165 3441 nibil
1183 3385 1254 3441 uobis
1271 3387 1398 3441 nocebunt
1413 3385 1491 3459 (duc.
1502 3371 1553 3460 r).
1576 3387 1722 3444 Sumturus
1735 3403 1813 3444 arma
1829 3396 1904 3444 tarrtu

251 3478 379 3533 menibus
389 3479 558 3535 sublevetur.
572 3479 696 3536 Assumit
711 3477 949 3545 testimonium,et
963 3478 1049 3532 inter·
1101 3487 1237 3550 potestate
1261 3479 1371 3548 inmoti,
1396 3489 1424 3538 et
1451 3482 1579 3538 universa
1602 3482 1763 3538 iaciamus:
1797 3493 1828 3537 ut
1856 3497 1904 3552 per

251 3577 376 3640 pretatur
388 3570 455 3626 illud
470 3570 504 3628 de
517 3569 640 3638 cbristo,
656 3570 728 3643 quod
742 3585 796 3627 non
817 3570 852 3626 de
864 3569 985 3636 Christo,
1001 3568 1049 3625 sed
1100 3574 1336 3630 conversationem
1367 3583 1488 3630 nostrum
1511 3575 1619 3632 leonem
1649 3575 1846 3631 correnleernus
1876 3581 1904 3630 et

250 3663 285 3720 dc
298 3665 400 3719 sanctis
409 3664 575 3734 generaliter
587 3663 718 3735 scripturn
731 3672 781 3720 est.
796 3662 897 3720 Libero
908 3663 1010 3734 quippe
1023 3672 1051 3718 ct
1099 3664 1258 3724 draconem.
1285 3667 1371 3724 Porro
1408 3677 1438 3725 ut
1460 3669 1531 3725 scias
1557 3668 1696 3741 quorrrodo
1723 3671 1904 3726 conculcetur

253 3765 309 3814 tora
330 3756 497 3813 corridentia
520 3759 680 3815 contradico
703 3758 831 3824 diabolo,
851 3773 933 3830 snper
946 3759 1048 3815 Cirristi
1101 3761 1145 3817 leo
1160 3768 1189 3816 et
1209 3769 1368 3818 conteretur
1386 3762 1482 3827 draeo,
1498 3763 1575 3819 Pauli
1592 3762 1744 3832 Epistulam
1768 3764 1849 3835 lege,
1877 3765 1902 3820 in

252 3864 370 3923 persona
385 3849 437 3906 hoc
449 3867 503 3907 non
516 3865 598 3922 posse
612 3851 737 3923 intelligi.
753 3851 848 3920 Neque
859 3853 933 3907 enirn
946 3852 1051 3922 indiget
1101 3868 1155 3924 qna
1169 3855 1269 3910 asserit
1293 3855 1450 3913 conculcari
1474 3865 1636 3926 peccatores
1661 3857 1729 3912 litto
1749 3857 1808 3913 liei.
1828 3857 1905 3914 Sicut

252 3945 417 4015 Angelorum
428 3946 540 4012 esuritio,
556 3947 600 4017 qni
613 3952 699 4021 major
713 3947 831 4019 dupelir,
843 3956 868 4001 et
880 3946 973 4001 rmiiur
984 3947 1050 4018 ipsis
1101 3959 1169 4014 ergo
1192 3946 1237 4016 qni
1260 3953 1393 4015 peccator
1416 3958 1461 4004 est
1489 3948 1666 4004 conculcatur
1689 3947 1759 4004 Filio
1775 3948 1824 4003 liei
1839 3967 1847 4003 :
1865 3952 1903 4006 sic

251 4038 429 4094 doereditotun
452 4046 605 4094 consecutur
626 4047 650 4092 et
673 4055 777 4093 nornen.
795 4037 873 4093 Nulli
894 4037 1050 4111 onpeiornrn
1100 4037 1257 4093 ecnrrtrnrio
1273 4038 1423 4109 rpuiiuetus
1438 4040 1638 4097 esteouculcnt
1660 4042 1765 4098 leonem
1786 4053 1815 4098 et
1833 4047 1901 4099 dra·

250 4147 376 4202 umquam
395 4131 462 4186 dixit
476 4132 548 4187 Deus
563 4149 572 4188 .·
587 4130 677 4188 Filius
696 4148 768 4186 meur
787 4149 815 4188 er
833 4143 880 4198 tu,
901 4150 949 4205 epo
971 4131 1051 4189 lodie
1099 4145 1213 4195 cortem,
1224 4141 1253 4188 et
1264 4134 1373 4190 omnebu
1388 4135 1518 4190 virtutem
1530 4135 1634 4191 inimici
1646 4135 1793 4192 conculcat
1809 4137 1836 4192 in
1854 4152 1904 4193 no·

250 4222 330 4294 penui
340 4233 364 4278 te
378 4221 474 4295 (ldebr.
490 4221 523 4295 ι).
538 4223 580 4280 ld
593 4225 698 4280 nullnrn
711 4240 807 4280 eornrn
819 4226 900 4294 qnasi
914 4227 948 4282 ad
964 4226 1050 4282 dliurn
1101 4225 1176 4282 mirre
1199 4225 1264 4282 lesu
1288 4224 1415 4294 Gbristi,
1437 4227 1479 4284 cui
1502 4237 1546 4284 est
1566 4227 1654 4298 gloria
1667 4237 1695 4284 et
1709 4229 1857 4300 imperium
1874 4232 1899 4284 in

254 4315 381 4372 locutus:
397 4316 450 4386 Qui
464 4318 527 4387 {neit
540 4318 648 4392 onpelor
662 4333 723 4373 ruor
743 4319 863 4390 spiritur,
878 4331 903 4376 et
917 4321 1050 4377 mirrirtros
1101 4321 1201 4377 sucula
1215 4323 1389 4378 soeculorum.
1403 4321 1504 4379 Arnen.

252 4425 314 4465 ruer
327 4411 413 4482 ipnem
425 4422 542 4465 urentem
553 4409 642 4482 (Psoi.
654 4413 684 4480 n)
697 4427 705 4477 ;
719 4411 768 4467 sed
779 4412 815 4468 ad
826 4413 925 4470 Filium
938 4418 1051 4486 proprie
1354 4434 1496 4493 ppofflppp
1528 4435 1639 4495 χχχιι,

252 4515 344 4568 sunm,
360 4503 395 4557 ⁴¹⁰
409 4517 463 4573 (lu0
478 4502 686 4558 5¹¹⁰¹¹¹¹¹⁰¹³bl¹5³
704 4502 825 4575 loquitur
848 4507 876 4562 ¹¹¹
895 4507 1047 4578 propinetis.
1103 4525 1141 4582 De
1164 4541 1198 4582 eo
1221 4528 1293 4598 rpuod
1312 4529 1442 4597 scripturn
1467 4539 1528 4585 ert:
1547 4529 1684 4589 lierersns
1703 4539 1746 4588 est
1768 4532 1848 4588 lesus
1873 4533 1900 4587 in

250 4591 311 4650 Non
326 4594 444 4664 indiget,
460 4593 581 4665 inqrram,
599 4601 758 4666 arrgeiornm
770 4600 871 4656 auxilio
885 4599 970 4657 Filius
986 4603 1046 4659 liei.
1138 4599 1237 4655 virtute
1251 4599 1372 4666 spiritus,
1389 4615 1472 4672 usque
1485 4602 1519 4656 ad
1530 4615 1593 4657 eum
1613 4603 1703 4658 locurn
1713 4645 1721 4669 ,
1732 4603 1779 4660 uhi
1791 4606 1830 4659 ait
1846 4623 1852 4660 :
1868 4604 1902 4659 Et

248 4688 319 4757 Quin
334 4690 424 4756 potins
438 4688 527 4755 elisee,
540 4689 661 4757 diabole,
672 4695 745 4763 quod
758 4697 810 4752 nisi
819 4695 899 4754 iesus
913 4700 1049 4768 adjuverit
1137 4671 1334 4796 {mm”f}⁰⁶“¹⁶
1354 4679 1425 4726 'mm
1435 4673 1462 4727 ⁰¹
1471 4688 1604 4746 ⁸⁹M⁹⁰⁹a
1615 4674 1776 4731 mmmm
1788 4675 1816 4732 ³⁸
1828 4693 1897 4732 ‘’m''

248 4779 374 4849 angelos,
385 4778 400 4817 b
413 4777 555 4836 offendent
569 4782 664 4849 pcdern
679 4798 770 4842 suurn.
786 4787 853 4845 Etsi
863 4790 925 4860 quis
936 4791 1050 4861 angelo·
1160 4756 1205 4810 ψ’
1262 4779 1271 4796 ’

250 4887 311 4928 rum
326 4871 403 4927 risrrs
427 4881 470 4928 est
494 4873 652 4946 «offendere,
668 4877 703 4934 de
717 4877 931 4948 quibusdudutn
947 4884 1047 4941 lectum
1138 4876 1258 4934 Primum
1296 4875 1405 4944 ‘ibidem
1430 4877 1511 4934 J⁰⁸¹¹⁸
1540 4879 1638 4949 plenus
1665 4879 1769 4951 Sl’irim
1804 4891 1902 4936 ‘inim

250 4973 305 5034 est,
321 4965 383 5037 quia
402 4965 517 5036 angelos
532 4966 715 5054 judicabimus
732 4971 818 5030 :ideo
831 4973 959 5043 offendit,
982 4980 1048 5048 quia
1102 4987 1228 5031 reuersus
1253 4981 1295 5028 est
1316 4972 1476 5039 alordane,
1499 4981 1527 5029 et
1548 4975 1678 5044 agebatur
1699 4974 1724 5030 in
1751 4975 1849 5045 spiritu
1875 4976 1902 5030 in

16 5052 17 5071 ¹
130 5122 136 5134 ,
251 5058 1049 5139 nonestenditrnanunrsuamadiesum,utapprelrensns
1102 5067 1321 5126 desertodiebus
1342 5065 1615 5138 quadruplicatum
1635 5069 1901 5124 tentareturrdiu-

250 5151 334 5206 abeo
350 5166 403 5205 non
416 5148 576 5208 ederrderet.
592 5154 725 5222 eroniarn
741 5159 814 5212 enim
828 5157 856 5213 in
868 5160 977 5229 propriu
992 5163 1048 5216 vir·
1101 5163 1176 5230 bolo,
1190 5161 1252 5233 quin
1273 5158 1361 5216 ndlruc
1379 5158 1406 5215 ri
1429 5166 1582 5216 certaturus
1597 5171 1657 5216 erat
1676 5160 1809 5218 aduersus
1823 5176 1901 5229 eum,

251 5253 309 5300 tute
321 5244 477 5315 conlidens,
494 5261 548 5301 non
563 5245 674 5303 lirinens
690 5249 846 5319 praesidium
861 5252 943 5320 iesu,
960 5255 1048 5312 olien-
1101 5265 1130 5314 et
1143 5255 1238 5320 semel,
1253 5263 1280 5310 et
1295 5251 1346 5316 bis,
1361 5266 1414 5308 non
1436 5267 1500 5310 curu
1523 5253 1710 5309 additamento
1727 5254 1819 5324 aliquo
1840 5256 1897 5326 rpi-

251 5336 344 5404 dis,et
358 5337 473 5394 credere
487 5338 620 5396 inlesum
632 5340 770 5397 Cirristum
785 5343 884 5401 Filium
899 5346 949 5402 liri
961 5350 1049 5404 nolui·
1100 5351 1166 5407 ritus
1192 5349 1309 5419 ponitur.
1334 5344 1450 5415 Qnurrdo
1470 5362 1536 5404 nero
1560 5355 1615 5403 tres
1643 5349 1811 5404 tentationes
1834 5364 1897 5420 quar

250 5433 297 5491 sti.
314 5431 348 5490 llt
365 5442 456 5490 sutem
470 5434 544 5491 scias
557 5435 632 5504 quod
647 5436 719 5493 male
732 5437 930 5510 interpretatus
944 5458 992 5510 es,
1019 5453 1048 5500 et
1100 5443 1241 5514 Scriptura
1266 5449 1475 5508 commemorat,
1499 5439 1643 5511 pugnando
1664 5441 1813 5510 superavit,
1836 5441 1892 5512 qui·

287 5569 569 5630 8[ιιιιιΙιιιιίιιίιιιιιιι
583 5569 745 5637 liieronrmi
756 5573 892 5633 baedere
904 5577 1048 5635 dissertio-
1140 5590 1151 5620 t
1168 5579 1255 5636 Antea
1271 5576 1341 5632 inlso
1351 5575 1492 5645 legebatur
1501 5592 1554 5631 nor.
1572 5576 1735 5648 ilnjrrsrnndi
1753 5577 1887 5632 marrilest

252 5661 316 5704 nem
331 5645 392 5713 lege
407 5642 445 5697 sis
459 5644 539 5714 epist.
556 5645 600 5712 tt,
616 5645 649 5700 ad
665 5645 802 5716 Magnum,
818 5665 892 5704 rrurn.
907 5648 935 5705 2.
1102 5650 1202 5708 urende
1218 5663 1275 5707 nnn
1286 5647 1372 5708 semel
1385 5647 1467 5718 inira,
1483 5648 1589 5707 lecture
1605 5665 1658 5708 nec
1679 5649 1835 5720 conterrito,
1856 5667 1888 5707 ce·

286 5716 416 5774 bllecnle
437 5728 500 5787 que
521 5716 647 5800 superins
669 5727 703 5772 ru
718 5717 846 5778 homilias
859 5721 893 5780 tt
914 5733 942 5780 et
964 5721 1049 5783 esde
1100 5722 1248 5796 stissrrrtur.

249 5789 305 5848 bac
318 5787 440 5846 diuinus
450 5785 577 5861 origene
588 5787 761 5862 opinatione.
