4000 6334
281 289 349 353 ldbl
676 290 850 353 locuntur
870 292 916 351 Ab
936 288 1061 351 rombli
1080 287 1256 351 submilitat
1275 289 1306 348 S.
1326 287 1530 351 utenoutttl.
1853 289 1908 353 itit

279 406 355 479 piant
376 412 561 479 aeternorum,
588 406 724 480 scientes,
752 406 814 481 quia
840 408 941 481 iniqui,
968 424 1020 465 nee
1041 406 1075 463 ad
1089 410 1144 469 Aa
1163 423 1228 476 me,
1255 408 1376 479 operarii
1410 404 1563 480 iniquitatis
1586 418 1593 461 ε
1622 404 1687 478 quia
1710 419 1769 463 non
1790 406 1850 463 nori
1869 422 1907 465 nos

281 498 422 556 dimidium
444 498 587 557 accedunt.
1131 499 1210 573 (boa.
1225 500 1295 571 xuni.

318 592 351 647 Et
366 592 488 649 discocunt
503 610 513 650 .·
530 593 666 663 Quomodo
679 594 727 649 scit
742 593 815 651 Dens
826 637 834 664 ,
846 604 870 651 ει
886 596 908 653 si
920 604 958 652 εει
968 595 1078 651 scientia
1166 592 1236 661 Quia
1251 594 1443 666 inflammatum
1452 602 1491 651 est
1504 609 1549 649 cor
1563 608 1658 648 menam
1671 592 1707 650 Ut
1730 592 1818 651 Patria
1828 591 1906 651 esen

279 686 308 743 in
329 686 439 743 eacelao.
452 686 581 755 ignorant
596 688 670 745 enlm
691 700 853 761 peccatores
874 691 959 747 ileum
982 690 1077 746 oannis
1129 686 1306 742 voluntatem.
1322 685 1448 743 Christos
1461 685 1596 743 Dominus
1608 686 1668 744 lane
1682 686 1813 758 loquitur.
1836 686 1907 743 Etre-

280 792 359 849 posse
369 792 556 851 cognoscere:
574 780 727 839 nescientes
746 783 856 852 miseri,
872 782 936 855 quia
951 782 1022 839 nibil
1042 781 1078 838 ab
1128 796 1174 836 nes
1186 781 1398 837 meieomrnutati
1409 792 1482 837 sant.
1503 780 1543 839 lle
1555 782 1627 840 mibi
1638 781 1800 853 prevaleret
1820 784 1905 840 luxoria

280 871 367 929 oculis
382 873 444 943 eius
457 872 646 931 absconditur.
1128 872 1300 945 cogitationis
1313 873 1452 931 humanae.
1482 873 1517 929 Ει
1541 892 1588 948 ego
1615 874 1650 930 ad
1672 876 1785 933 olbiam
1810 878 1907 933 radoan

316 962 383 1020 lirae
397 964 446 1036 ipsi
459 973 621 1036 moratores,
642 976 667 1023 ει
680 965 841 1023 abundantes
855 968 883 1023 in
898 968 994 1024 seculo
1011 966 1077 1023 eiti—
1127 982 1195 1035 sont,
1210 976 1235 1021 et
1246 966 1350 1023 nesciui.
1368 968 1401 1023 Et
1416 968 1601 1038 lturuiliatnm,
1613 977 1641 1024 et
1658 969 1828 1039 ignorantem
1838 969 1906 1027 seti-
1971 965 1973 1014 l

279 1066 391 1113 onerant
411 1057 525 1114 diuitias.
541 1057 719 1116 Aburtdantes
734 1058 838 1117 diuitiis
853 1060 962 1130 seculi,
987 1059 1077 1132 perdi·
1128 1061 1176 1128 cit,
1191 1068 1328 1116 utiterum
1342 1059 1481 1117 bominem
1495 1069 1643 1117 monstret.
1660 1059 1741 1117 littlla
1761 1062 1832 1118 enim
1851 1062 1907 1119 licus

278 1152 378 1210 derunt
393 1151 465 1209 dona
478 1152 609 1225 paradisi.
1126 1150 1300 1223 ignoratione
1315 1150 1428 1224 fallitur,
1443 1151 1492 1211 sed
1515 1163 1620 1210 tantuna
1632 1162 1796 1225 peccatores
1810 1156 1892 1211 nestit.

314 1246 415 1302 Erdinoi
428 1262 438 1301 .·
452 1262 515 1320 ergo
530 1246 587 1302 aine
601 1262 680 1302 conso
695 1246 842 1321 justificavi
862 1261 907 1301 eor
931 1260 1035 1312 ntenm,
1051 1253 1075 1300 et
1164 1244 1200 1301 Ut
1207 1246 1355 1317 jansenium
1363 1247 1450 1317 factas
1461 1263 1519 1304 snm
1528 1248 1602 1321 opud
1614 1256 1649 1303 te.
1663 1248 1782 1305 Portant
1802 1248 1827 1305 in
1839 1264 1906 1306 carne

277 1339 330 1397 leui
342 1342 409 1397 inter
421 1340 569 1397 innoeentes
582 1356 674 1395 neonus
687 1342 779 1395 meos?
792 1338 929 1411 Numquid
955 1338 1015 1397 llaec
1034 1337 1077 1395 ri·
1126 1348 1237 1412 peccata
1254 1341 1347 1413 populi
1361 1341 1410 1399 tui.
1426 1340 1460 1397 Et
1470 1359 1517 1416 ego
1531 1359 1634 1415 temper
1649 1351 1744 1399 tecam.
1765 1342 1821 1417 Ego
1832 1343 1855 1399 iu
1877 1353 1905 1410 te,

275 1435 344 1493 dens
355 1434 446 1507 iustus
464 1436 563 1491 trustra
579 1450 609 1491 se
621 1433 798 1505 justificavit,
820 1442 867 1489 aut
885 1433 912 1488 in
936 1432 1075 1489 eotrtrario
1126 1443 1193 1491 ettu
1206 1435 1233 1492 in
1249 1450 1304 1493 rue.

276 1528 410 1586 innocens
427 1542 496 1601 opus
514 1527 596 1585 iecit?
611 1527 664 1585 Sed
681 1527 741 1583 inec
756 1541 790 1583 ex
806 1540 924 1598 persona
935 1524 1003 1597 justi
1022 1525 1075 1582 lio·
1161 1524 1278 1581 lanuini
1290 1542 1397 1581 martiam
1413 1527 1547 1583 dameam
1564 1544 1659 1585 meam.
1673 1526 1860 1587 Descendentc
1871 1546 1905 1587 ne
1971 1549 1973 1619 ἐ

276 1624 366 1681 minus
381 1623 442 1694 ipsc
454 1621 542 1683 dicit.
559 1620 631 1678 sicut
645 1621 789 1692 sequentia
800 1619 912 1677 docent.
1126 1618 1153 1675 in
1167 1618 1317 1691 iniernum,
1328 1621 1392 1691 quia
1404 1622 1517 1679 sinistra
1530 1622 1631 1681 diaboii
1641 1624 1904 1684 adversabaturnili.
1971 1623 1973 1694 ξ

311 1712 347 1769 Et
358 1712 556 1787 [sinogaliens
572 1712 689 1770 totadie.
710 1711 1003 1785 Flagellnbaturenina
1017 1711 1073 1769 llo·
1126 1714 1160 1770 Et
1172 1714 1200 1769 in
1211 1714 1345 1772 uoluntate
1360 1724 1407 1772 toa
1428 1716 1561 1773 dedaaisti
1580 1734 1630 1773 me.
1655 1718 1857 1789 llesnrgentem.
1878 1718 1904 1775 Et

275 1812 366 1869 minus
382 1809 536 1882 sepedolis
549 1823 645 1867 eorum
659 1827 666 1864 :
681 1808 769 1866 sedin
783 1808 827 1866 die
842 1808 977 1881 passionis
989 1807 1073 1864 certis
1087 1809 1112 1871 Β
1124 1823 1183 1862 sain
1193 1807 1278 1880 glorio
1289 1809 1425 1881 suscepisti
1436 1825 1485 1864 ote.
1500 1808 1586 1867 coelis
1597 1810 1770 1868 redeuntem.

275 1904 466 1975 contumeliis,
490 1915 518 1962 et
539 1904 613 1961 veris
638 1902 739 1960 ictibus
765 1902 926 1961 verberatus
959 1911 1012 1959 est.
1038 1898 1074 1955 Et
1164 1899 1829 1976 Quidemmmiltiestinooelo,etategaidaolai
1844 1923 1905 1979 saper
1971 1937 1973 1976 2

274 2001 412 2073 castigatio
424 2015 480 2055 mea
494 2000 521 2055 in
537 1998 674 2055 matutino.
690 2000 704 2056 J
709 1996 774 2055 udas
788 1998 881 2069 utique
896 1996 983 2053 dixit:
1004 1995 1074 2065 Quid
1125 1994 1320 2053 terramillam
1335 1996 1460 2068 emphasi
1472 1998 1629 2071 legendum,
1649 2010 1705 2055 tam
1719 2001 1832 2072 grandia
1853 2002 1906 2057 nili
1971 2005 1973 2044 t

274 2093 358 2151 uultis
382 2092 450 2149 milti
478 2092 555 2164 dure,
584 2102 613 2149 et
637 2106 688 2163 ego
710 2089 838 2148 indicabo
852 2106 914 2147 eum
930 2091 1022 2157 robis,
1044 2096 1074 2145 nt
1125 2090 1152 2147 in
1166 2090 1794 2167 coelispraeparasti‚etogoinlelixinterrisa
1808 2107 1906 2169 teparra
1971 2139 1973 2143 ,

274 2187 497 2261 apprehendatur
526 2186 616 2259 (llatt
636 2185 736 2259 xxviii
756 2186 816 2258 lpse
831 2194 922 2243 autern
939 2186 966 2241 in
981 2196 1073 2242 rnatu·
1123 2185 1300 2255 quaerebant
1313 2185 1404 2242 Aliter
1420 2205 1426 2241 z
1443 2184 1538 2259 Neque
1552 2187 1672 2257 incoelo,
1688 2204 1778 2261 neque
1799 2191 1826 2247 in
1847 2200 1905 2248 terra

275 2284 332 2341 tino
349 2281 400 2339 luit
413 2280 585 2354 llagellatus:
601 2296 662 2337 euna
678 2282 802 2352 sequenti
819 2278 863 2336 die
878 2278 913 2335 de
926 2277 1073 2335 traditione
1123 2278 1206 2335 aliurn
1222 2281 1786 2356 prsetertequaosivi.lteeninximpleta
1806 2295 1846 2343 est
1869 2302 1907 2343 ro
1971 2283 1973 2336 l

274 2377 415 2436 bortrinica
425 2377 504 2447 abiit,
518 2386 546 2433 et
559 2377 658 2449 laqueo
673 2390 703 2434 se
715 2374 866 2448 suspendit.
1123 2375 1295 2444 luntasmea,
1310 2382 1340 2431 ut
1351 2373 1416 2430 mibi
1431 2374 1649 2434 flectaturomnc
1660 2392 1742 2450 genu,
1758 2380 1905 2447 coeiestion,
1971 2365 1973 2386 '

310 2469 479 2528 Sidiaeiom:
488 2468 609 2525 Narrabo
620 2468 669 2538 sio,
681 2483 738 2524 eece
750 2467 945 2541 generationem
954 2465 1072 2536 filiorum
1123 2468 1308 2541 terrestrium,
1328 2479 1357 2527 et
1379 2468 1562 2529 infernorum.
1583 2470 1642 2528 Vox
1657 2472 1781 2531 succedit
1795 2472 1907 2531 Ecclesia

272 2576 375 2624 tuorum
389 2564 576 2637 pomoericmns
597 2560 754 2619 seuuemo
772 2561 910 2629 lectionis,
932 2571 959 2617 et
973 2573 1071 2617 sensus
1122 2564 1260 2621 dicentis:

272 2663 402 2719 isteest:
418 2660 488 2717 lium
505 2654 961 2732 ipsemeaccusoinorationibus
981 2665 1071 2713 matu·
1157 2654 1799 2729 Defeairsormeum,etcoromeo:lleoacordia
1812 2662 1868 2730 urei,
1887 2671 1906 2717 ot
1971 2713 1973 2716 ,

272 2754 346 2825 titiis,
363 2754 417 2811 boe
431 2754 524 2826 reperi
539 2761 569 2809 ut
582 2752 701 2809 dicerem
715 2768 722 2807 :
737 2752 793 2822 Ego
810 2752 835 2806 sl
845 2749 885 2807 sic
899 2750 976 2807 luero
996 2750 1072 2807 locu·
1121 2766 1183 2823 pom
1194 2767 1252 2806 meo
1264 2749 1338 2808 dena
1352 2752 1379 2807 in
1394 2762 1531 2810 retortum.
1546 2753 1613 2812 Post
1625 2754 1712 2813 licum
1723 2755 1817 2813 cordis
1826 2756 1905 2825 sni,id

272 2856 316 2905 tus
329 2862 337 2904 ι
351 2860 404 2920 ingo
417 2846 440 2902 si
454 2843 568 2902 noluero
580 2844 629 2901 liei
651 2842 877 2914 occulta-rimari,
893 2842 993 2914 incipio
1009 2857 1025 2898 a
1039 2841 1071 2898 ll-
1120 2852 1172 2910 est,
1187 2842 1329 2900 Christum
1355 2844 1500 2901 bominum
1525 2844 1604 2918 cujus
1617 2861 1682 2919 pars
1696 2846 1768 2904 laeta
1792 2856 1843 2915 est,
1861 2855 1906 2904 tan

271 2938 316 2996 liis
327 2938 380 2996 tuis
393 2938 500 2996 alienus
514 2936 592 2994 lteri:
608 2936 682 2993 uelut
693 2951 747 2993 non
757 2934 1006 3009 justillccturquis,
1021 2949 1070 2991 ne·
1120 2935 1206 2993 corde
1219 2952 1302 3009 quam
1324 2952 1441 3009 corpore
1462 2945 1521 2995 toto
1541 2938 1690 2996 desiderat.
1717 2940 1786 2997 liam
1805 2940 1906 2999 delectio

270 3049 324 3107 qne
335 3034 438 3106 justum
450 3031 534 3088 iaciat
547 3046 627 3104 opus.
643 3030 677 3087 lli
691 3030 737 3103 qni
752 3044 797 3087 me
807 3029 967 3101 praedicant,
979 3038 1007 3085 et
1019 3044 1069 3100 per
1118 3043 1201 3102 quaro
1212 3044 1243 3087 se
1256 3030 1322 3087 dicit
1335 3030 1450 3102 babere,
1466 3046 1524 3089 non
1538 3048 1588 3104 pro
1605 3032 1800 3104 diminutione,
1809 3035 1854 3093 sed
1866 3049 1906 3107 qno
1971 3063 1973 3112 q

270 3142 315 3185 me
329 3128 367 3184 tui
380 3125 475 3185 eflecti
489 3134 553 3183 sunt
568 3124 626 3195 lilii,
643 3124 671 3181 in
683 3133 912 3195 moconsurgunt.
925 3122 995 3180 llinc
1005 3138 1069 3195 pro·
1120 3124 1260 3181 desiderio
1270 3124 1429 3195 accipienda
1443 3134 1496 3181 est.
1522 3149 1525 3154 ·

270 3223 352 3296 plieta
365 3221 494 3293 loquitur.
1082 3210 1105 3275 C
1158 3217 1228 3286 Quia
1238 3234 1298 3273 eece
1308 3218 1354 3288 gai
1367 3218 1491 3293 elongant
1500 3234 1528 3274 ae
1541 3235 1558 3273 a
1571 3227 1607 3287 te,
1625 3220 1747 3289 peribant
1761 3221 1906 3294 :perdidisti

305 3315 496 3373 Existimabam
516 3323 545 3370 at
566 3331 758 3389 cognoscerem,
785 3318 834 3371 noe
856 3312 932 3369 labor
944 3324 985 3370 est
1009 3322 1069 3371 ante
1121 3326 1210 3365 ontnea
1224 3311 1270 3381 qai
1283 3310 1446 3382 lmoieontor
1459 3310 1505 3367 oie
1517 3312 1663 3371 te.0mnes
1675 3316 1722 3387 qni
1739 3314 1902 3385 learnicantur,
1971 3327 1973 3354 ι

271 3427 320 3468 tate.
338 3405 1069 3477 Pereerutatussumeuneta,eteilaborioseaexisti-
1120 3404 1180 3460 sine
1206 3404 1261 3461 lico
1285 3413 1409 3475 peccant.
1433 3404 1486 3474 Qui
1513 3415 1605 3463 autern
1633 3417 1739 3479 peccat,
1755 3410 1901 3484 longeesta
1971 3411 1973 3482 j

269 3505 340 3563 niani
357 3512 448 3561 tamen
464 3518 527 3560 cuna
539 3501 682 3575 Apostolo,
699 3502 762 3574 quia
778 3518 831 3558 nain
847 3510 910 3559 sunit
924 3501 1068 3572 eoridignae
1119 3496 1177 3553 lieo
1192 3514 1199 3551 ε
1216 3495 1334 3567 ideoque
1344 3496 1492 3566 perditioni
1503 3507 1545 3554 est
1560 3500 1713 3570 proximus.
1971 3553 1973 3570 ,

270 3600 411 3671 passiones
425 3597 507 3669 hujus
532 3596 665 3669 temporis
680 3596 714 3652 ad
735 3595 853 3651 luituram
875 3592 991 3667 gloriani
1006 3609 1068 3667 qnae
1155 3589 1900 3666 lliitiaatemodboererelleoionamest.Gujnssangnine
1971 3613 1973 3626 ·

269 3691 435 3751 revelabitur
450 3691 476 3747 iu
492 3689 596 3747 sanctis
611 3688 701 3764 (Rom.
717 3686 788 3762 aaut).
1117 3699 1178 3740 snm
1192 3684 1363 3756 redemptus.
1381 3683 1484 3741 Ponere
1496 3686 1524 3741 in
1535 3685 1650 3743 Dormire
1662 3686 1800 3761 Deospem
1819 3707 1897 3745 meam
1971 3713 1973 3764 g

304 3785 501 3843 donacionem
513 3783 734 3841 ineanetoorium
759 3780 817 3851 liei,
837 3790 863 3838 ει
880 3780 1024 3855 intelligam
1037 3781 1067 3836 in
1118 3778 1186 3849 Quia
1197 3793 1299 3835 isarnum
1309 3788 1351 3835 est
1361 3778 1389 3835 in
1399 3779 1491 3837 saeculi
1505 3780 1649 3838 conlidere
1663 3781 1757 3839 bonis.
1971 3771 1973 3786 '

268 3881 523 3938 nouissimieeornm.
543 3877 669 3935 Intellexi
682 3877 764 3933 etiam
779 3876 815 3933 dc
834 3875 877 3933 bis
895 3875 997 3931 salictis
1025 3874 1066 3929 in-
1155 3870 1189 3927 tn
1203 3872 1356 3927 airnontietn
1382 3879 1470 3929 omnes
1491 3872 1691 3945 praedicationes
1713 3882 1772 3931 taus
1792 3876 1818 3931 in
1829 3872 1897 3949 portis
1971 3881 1973 3926 i

267 3975 397 4050 grediens
407 3975 534 4033 mentein
546 3988 641 4032 eorum
652 3982 752 4031 coetum
766 3990 772 4027 :
786 3972 848 4044 quia
861 3981 889 4029 et
903 3972 927 4027 sl
937 3972 964 4028 in
979 3972 1064 4042 prima
1116 3965 1180 4036 pilia
1190 3966 1265 4023 Sion.
1278 3966 1332 4023 Per
1342 3967 1606 4039 contemplationem
1621 3970 1698 4027 enim
1711 3971 1771 4043 spei
1782 3988 1855 4045 qaam
1872 3972 1895 4027 in

267 4074 321 4131 sita
331 4072 357 4129 in
374 4072 467 4143 paucis
478 4072 578 4139 vexati,
593 4070 779 4126 innovissimo
791 4076 881 4125 tamen
894 4068 962 4125 bene
973 4066 1065 4137 dispo·
1116 4056 1202 4114 Deum
1213 4057 1304 4130 itabat,
1319 4068 1414 4132 sperat
1425 4075 1455 4117 se
1469 4059 1563 4119 indnei
1575 4062 1604 4117 io
1619 4062 1743 4122 caelestis
1757 4064 1894 4123 Jerusalem

266 4177 364 4225 utentur
377 4167 404 4223 in
420 4166 522 4223 multis.
532 4164 602 4222 ilinc
612 4163 647 4221 ad
661 4162 777 4235 illosqni
787 4162 816 4219 in
828 4161 985 4219 dinitiarum
1000 4159 1064 4216 dolo
1116 4152 1218 4223 portis:
1233 4154 1266 4209 ad
1279 4154 1480 4225 capescendam
1503 4154 1622 4212 loturam
1635 4156 1829 4217 beatitudinem
1842 4174 1894 4215 enni

265 4262 451 4331 conridebant,
467 4261 549 4319 rerba
564 4267 721 4317 uertuntur.
1115 4246 1211 4303 clectis
1221 4247 1292 4320 eius.
1308 4246 1337 4303 ln
1352 4262 1470 4320 quorum
1485 4264 1539 4307 nos
1549 4251 1720 4307 consortium
1732 4268 1785 4311 nou
1796 4252 1894 4309 merito·

305 4354 601 4427 Veronttantenpropter
615 4352 690 4408 dolos
703 4351 813 4425 posuisti
827 4366 881 4407 eos.
893 4350 962 4419 Qtiis
977 4348 1063 4406 trilnt·
1114 4355 1175 4395 ¹¹¹¹ss
1186 4340 1334 4412 iss⁵i⁰0¹⁰lt
1350 4342 1398 4399 Sed
1413 4342 1501 4400 lenio}
1512 4344 1628 4417 largitor
1638 4344 1765 4405 admittat
1786 4348 1895 4405 cbristus

265 4450 391 4507 larerunt
405 4448 505 4519 iniquis
519 4445 659 4505 fraudibus
670 4446 773 4517 justos.
791 4443 918 4519 dejecisti
939 4460 981 4500 eos
999 4444 1062 4499 duan
1114 4432 1254 4491 Dominus·
1269 4433 1368 4493 Amen·

263 4542 457 4601 olleoiaoernnt.
473 4542 501 4597 ln
516 4539 619 4599 diuitiis
630 4538 752 4597 alleviati
766 4553 780 4594 a
797 4544 825 4595 te
837 4547 902 4594 sunt
913 4536 1024 4610 dejecti.
1353 4529 1514 4590 Psanites
1542 4531 1661 4590 exunt.

300 4637 436 4709 Quomodo
455 4635 589 4710 sortitum
603 4635 632 4691 in
644 4632 850 4691 desolationem?
861 4632 1100 4707 Interrogantisp
1116 4641 1267 4699 linostimam
1278 4643 1380 4719 Asopia.
1395 4643 1459 4703 ldeo
1479 4648 1637 4716 intellector,
1655 4649 1684 4705 in
1706 4651 1785 4708 titulo
1801 4661 1895 4724 pruno·

261 4730 338 4789 rucis
352 4730 396 4787 liic
407 4728 505 4785 modus
518 4733 571 4799 est,
598 4734 627 4784 et
645 4726 767 4801 sequitur
785 4724 989 4797 respondentis.
1006 4725 1060 4783 Su·
1148 4724 1250 4799 tator:
1277 4716 1340 4787 (illi
1353 4715 1453 4801 ‘lilim
1467 4720 1612 4801 filistiim
1632 4722 1895 4795 ⁸0l¹¹3¹1¹fit³r⁴¹²¹58

262 4824 315 4883 it'to
329 4823 492 4894 defecerant,
507 4820 642 4894 perierunt
655 4830 761 4893 propter
780 4818 944 4892 iniguitatem
969 4836 1054 4876 saona.
1149 4786 1287 4854 ‘melma’
1298 4797 1327 4845 ⁰⁸
1342 4789 1501 4859 ⁸9¹¹¹²⁸¹³¹¹⁵·

260 4927 393 5001 Exposuit
407 4924 480 4983 enirn
492 4922 615 4981 ordinem
623 4920 675 4989 rei,
685 4921 763 4993 Juxta
774 4919 841 4978 illud
856 4921 929 4993 quod
940 4922 1057 4993 Aposto—
1149 4924 1259 4997 Utgnid,
1276 4924 1359 4995 ileos,
1375 4926 1497 5001 repulisti
1517 4929 1545 4984 in
1559 4928 1656 4999 limen:
1676 4931 1762 4989 iratae
1781 4940 1819 4989 eat
1831 4935 1896 5003 [aar

258 5030 303 5088 lns
317 5030 356 5087 ait
372 5045 380 5088 a
394 5042 456 5085 cum
469 5023 595 5083 dixerint
607 5038 659 5095 pax
673 5030 701 5081 et
714 5022 864 5081 securitas:
878 5032 943 5080 tunc
956 5038 1055 5095 repen-
1110 5027 1171 5075 tona
1186 5036 1264 5093 saper
1281 5036 1340 5077 ooeo
1366 5038 1470 5093 pascua
1484 5030 1547 5079 tute.
1571 5023 1739 5083 immensum
1759 5025 1896 5084 bominiem

259 5133 332 5190 tinus
345 5129 401 5187 illis
414 5126 558 5202 apparebit
572 5124 698 5183 interitus
712 5124 735 5197 (l
750 5122 828 5180 Tlaca.
843 5123 886 5197 v).
964 5178 974 5189 ‚
1111 5111 1334 5185 pictatisdonnm
1353 5122 1407 5187 est,
1430 5114 1478 5187 qui
1499 5115 1539 5172 sic
1562 5116 1681 5189 repellit,
1712 5126 1745 5175 ut
1769 5126 1895 5177 reuocet:

264 5232 267 5239 ’
298 5230 516 5289 Velntaomnium
530 5227 736 5301 eaaargentiotn.
752 5224 828 5284 Sicut
841 5226 901 5299 quis
917 5226 1055 5285 dormiens
1108 5206 1245 5276 imiimi
1259 5216 1288 5263 '¹‘
1298 5208 1439 5265 emendet.

257 5338 374 5398 videtin
389 5338 447 5393 visu
463 5334 608 5393 thesauros
621 5346 733 5405 magnos
746 5332 806 5388 auri
830 5332 999 5405 argentique,
1027 5334 1056 5392 et
1109 5396 1116 5407 Ι
1144 5302 1245 5358 ΠΜ
1257 5312 1311 5409 “fl
1321 5306 1533 5409 ⁶⁰f¹lli⁶dllf⁰l¹⁸⁸
1546 5320 1599 5362 ‘W
1617 5322 1696 5379 llam
1716 5306 1850 5382 W‘lfi‘ff
1868 5304 1896 5360 ui

1105 5406 1191 5452 onitas.
1204 5394 1406 5453 Ecclesiastico
1415 5398 1511 5470 utique
1522 5400 1749 5471 congregationis
1767 5414 1845 5472 quaro
1856 5412 1897 5468 pa·

258 5455 374 5515 surgens
385 5437 477 5495 omnia
492 5434 655 5509 perditrita
670 5440 698 5491 et
725 5433 753 5489 lsi
776 5432 886 5491 diuitias
908 5449 972 5492 suas
992 5443 1054 5507 post
1135 5490 1141 5502 ,
1344 5490 1350 5503 ,
1786 5491 1837 5505 Η

257 5544 339 5618 buius
352 5542 445 5601 saeculi
466 5542 549 5599 vitam
573 5540 601 5597 in
623 5555 674 5613 qua
698 5539 773 5598 uelut
791 5540 818 5596 in
843 5542 1053 5599 somnoversati
1108 5488 1302 5596 “memsunl’
1328 5505 1387 5548 sm
1407 5492 1615 5598 prf'phemum’
1640 5493 1684 5549 ’Ὧι
1705 5490 1894 5554 'mmmm'

1108 5584 1152 5641 rel
1167 5582 1312 5640 sacrificus
1331 5582 1463 5655 figurasti.

257 5655 332 5709 aunt.
350 5644 469 5714 domine,
483 5642 511 5699 in
526 5640 639 5699 ciuitate.
654 5640 685 5699 ln
696 5641 802 5736 coelcstl
828 5640 921 5714 utique
944 5642 1055 5700 Jerusa-
1142 5676 1284 5735 Rem-m·
1293 5678 1394 5753 „imam
1404 5678 1564 5736 medum,
1576 5687 1635 5736 m·
1645 5675 1895 5752 mmmmm

255 5754 320 5809 lem·
337 5747 483 5820 malim
507 5744 624 5816 ‘imm
647 5746 683 5800 “a
704 5744 819 5801 ’stillum
843 5745 957 5821 '‘didei·
986 5743 1054 5803 ⁰⁰¹⁰
1107 5768 1166 5837 liei,
1183 5769 1309 5826 cbristus
1320 5780 1376 5837 est,
1389 5771 1462 5828 sicut
1475 5770 1599 5828 ieremias
1621 5770 1725 5829 ridenti
1744 5770 1892 5843 uigilantem

257 5850 431 5931 pulsantibus
441 5848 484 5905 lais
498 5846 637 5905 coelestem
661 5849 776 5922 regiam,
802 5850 879 5911 dices
892 5869 899 5909 ι
914 5848 1052 5915 Discedite
1105 5863 1211 5937 virgam
1224 5862 1325 5923 uicinus
1340 5882 1347 5921 ;
1364 5863 1439 5924 Bane
1453 5864 1541 5937 giges,
1566 5865 1629 5941 quja
1646 5865 1730 5943 ,aggo
1743 5878 1793 5941 08⁰
1816 5876 1892 5937 supet
