4000 6334
471 322 580 381 225

1712 325 1771 384 S.
1817 324 2090 384 EthEBtt
2127 324 2511 386 ntssnonntt

3676 330 3797 387 ‘2'ss

472 443 905 515 castigatumque
934 441 1243 513 disponam,
1293 451 1461 499 aestus
1506 441 1737 499 febrium
1763 441 1817 498 in
1850 441 2065 513 pulsum
2094 439 2151 504 Α
2175 442 2379 515 absque
2407 454 2657 516 peccato,
2689 455 2748 502 ut
2776 456 2979 518 negent
3015 447 3328 517 quempiam
3371 457 3501 520 post
3532 448 3680 505 vitia
3719 448 3796 504 ita

475 554 737 596 venarum
770 538 1027 606 sentiam,
1056 547 1112 596 ut
1138 537 1510 596 curationibus
1530 537 1755 612 cyclicis
1785 540 2072 593 humorum
2177 551 2236 592 se
2266 536 2332 592 ad
2362 537 2600 596 virtutes
2628 539 2857 610 relerre,
2885 530 3272 611 ut'numquam
3301 546 3529 599 omnino
3563 552 3798 614 peccet,

478 632 869 689 abundantiam
898 631 1124 698 siccem,
1163 640 1486 702 temperem,
1527 643 1693 703 atque
1723 631 2074 702 restringam.

480 727 612 797 Quae
641 728 687 784 si
712 727 834 798 quis
863 732 1070 782 tantum
1098 725 1307 792 scierit,
1340 735 1397 782 et
1424 741 1531 781 non
1557 740 1723 797 opere
1762 724 1924 780 suerit
1948 724 2078 780 sub·

478 829 722 891 secutus,
754 834 910 877 cassa
940 820 1045 875 erit
1068 818 1187 888 eius
1213 818 1465 876 scientia.
1514 816 1707 875 Simile
1738 817 1868 889 quid
1898 819 2080 874 scieu-

483 916 572 971 tiae
603 913 889 971 medicinae
913 922 969 970 et
995 914 1170 984 operi,
1192 915 1355 970 etiam
1380 914 1432 969 in
1456 913 1648 969 notitia
1666 912 2079 983 ministerioque

481 1007 752 1065 sermonis
772 1014 896 1062 est:
928 1005 1080 1063 Sicut
1111 1006 1443 1062 tradiderunt
1467 1005 1612 1061 nobis
1636 1005 1725 1077 qni
1750 1021 1783 1060 a
1824 1004 2080 1075 principio

479 1102 582 1175 ipsi
607 1100 871 1166 viderunt,
920 1110 967 1155 et
1015 1099 1243 1155 ministri
1272 1100 1487 1171 [mutet
1513 1099 1783 1154 sermonis.
1816 1097 1889 1155 Ut
1917 1112 1982 1153 ex
2013 1113 2080 1153 eo

481 1195 626 1268 quod
655 1196 826 1252 dixit:
860 1193 974 1266 Ipsi
991 1194 1252 1259 viderunt,
1277 1191 1584 1250 doctrinam
1609 1199 1667 1248 et
1687 1191 1975 1248 scientiam
2007 1192 2082 1248 si-

481 1287 747 1360 gnificari,
779 1297 927 1344 etex
958 1302 1026 1343 eo
1083 1285 1227 1356 quod
1275 1285 1452 1342 dixit:
1478 1284 1710 1341 Ministri
1735 1285 1948 1356 fuerunt
1970 1301 2082 1340 aer-

484 1382 675 1446 monis,
708 1381 1067 1437 demonstrari
1111 1394 1279 1448 opera
1308 1392 1724 1450 cognoscamus.
1757 1378 2005 1433 Assecuto
2050 1395 2082 1431 o

486 1477 741 1550 principio
771 1491 790 1531 .·
825 1474 1007 1530 Visum
1036 1483 1110 1530 est
1154 1485 1200 1531 et
1244 1474 1374 1531 mihi
1394 1485 1630 1530 assecuto
1663 1472 1727 1528 ab
1770 1474 1919 1528 initio
1950 1490 1968 1526 .·
2000 1473 2084 1527 in-

486 1571 686 1636 culcat,
727 1585 791 1625 ac
820 1571 1072 1640 replicat,
1107 1567 1359 1636 quoniam
1398 1582 1463 1624 ea
1493 1582 1614 1638 qute
1645 1566 1946 1639 scripturus
1973 1574 2080 1630 est,

488 1679 596 1724 non
626 1680 849 1721 rumore
868 1663 1213 1735 cognoverit,
1231 1662 1327 1719 sed
1355 1664 1424 1719 ab
1450 1662 1606 1718 initio
1636 1663 1751 1734 ipse
1773 1661 1936 1716 l'uerit
1953 1673 2087 1715 con-

487 1772 726 1817 secutus.
762 1759 918 1817 Unde
962 1770 1017 1817 et
1066 1759 1135 1815 ab
1180 1757 1442 1829 Apostolo
1494 1757 1691 1815 merito
1720 1756 2079 1824 collaudatur,

2179 630 2309 686 falsa
2341 646 2532 688 eorum
2564 636 2843 691 sententia
2871 644 2974 691 est.
3016 635 3200 693 Potest
3227 638 3377 694 enim
3410 638 3562 705 lieri,
3599 651 3658 693 ut
3697 638 3803 709 qui

2180 733 2307 780 ante
2335 728 2676 796 peccaverit,
2718 737 2773 785 et
2816 744 3047 798 peccare
3074 729 3370 798 desiverit,
3401 731 3524 786 siue
3557 742 3805 800 peccato

2180 833 2302 876 esse
2328 819 2560 876 dicatur.
2592 822 2684 877 Sic
2721 832 2777 876 et
2811 822 3071 878 Dominus
3114 830 3303 881 noster
3341 823 3498 880 Jesus
3523 824 3808 880 Christus

2181 912 2433 970 exhibuit
2459 914 2562 970 sihi
2602 915 2903 985 gloriosam
2938 916 3277 988 Ecclesiam,
3325 932 3431 973 non
3483 916 3807 972 habentem

2183 1007 2453 1062 maculam
2500 1006 2730 1080 (ΕρΙιεε.
2776 1009 2845 1078 v)
2882 1029 2894 1064 ;
2927 1025 3034 1065 nou
3066 1010 3191 1078 quia
3241 1010 3662 1066 ecclesiasticus
3721 1011 3812 1065 vir

2183 1116 2478 1172 numquam
2511 1101 2765 1158 habuerit
2794 1103 3062 1160 maculam
3095 1120 3111 1170 ;
3154 1104 3250 1161 sed
3282 1106 3407 1174 quia
3436 1119 3812 1177 nequaquam

2184 1194 2326 1249 ultra
2360 1195 2667 1252 maculetur
2699 1213 2711 1250 :
2747 1211 2855 1251 non
2884 1195 3177 1252 habentem
3230 1212 3418 1267 rugam
3440 1241 3456 1266 ,
3488 1213 3603 1253 non
3645 1197 3814 1267 quod

2183 1303 2317 1359 ruga
2341 1289 2542 1344 veteris
2566 1287 2805 1344 hominis
2838 1290 2890 1343 in
2916 1305 2984 1346 eo
3005 1289 3302 1359 aliquando
3327 1306 3431 1345 non
3456 1288 3671 1356 fuerin
3707 1288 3816 1345 scd

2183 1383 2330 1454 quod
2369 1399 2489 1438 eam
2521 1383 2725 1440 habere
2763 1383 3012 1440 desierit.
3050 1383 3107 1440 ln
3143 1385 3292 1441 hunc
3319 1384 3539 1440 modum
3569 1394 3631 1440 et
3668 1384 3816 1439 illud

2187 1477 2330 1548 quod
2356 1481 2626 1547 sequitur,
2658 1486 2745 1533 est
2771 1476 3214 1548 intelligendum,
3242 1486 3299 1532 ut
3324 1478 3393 1531 sit
3413 1486 3600 1534 sarecto
3626 1487 3686 1533 et
3708 1478 3820 1532 im-

2187 1570 2482 1635 maculata,
2513 1584 2625 1624 non
2652 1570 2800 1639 quod
2832 1584 2863 1625 a
2894 1570 3166 1640 principio
3195 1571 3545 1626 immaculata
3579 1571 3766 1626 luerit
3798 1586 3817 1627 τ

2187 1663 2296 1721 hoc
2323 1665 2470 1721 enim
2502 1667 2772 1736 suspicari
2803 1666 3029 1737 quidem
3062 1666 3133 1723 de
3159 1666 3388 1723 bomine
3427 1681 3536 1722 non
3583 1676 3818 1737 potest,

2189 1761 2332 1832 quod
2361 1761 2542 1817 anima
2569 1761 2688 1833 ejus
2718 1762 2994 1818 maculosa
3025 1775 3134 1816 non
3160 1761 3368 1828 luerit;
3403 1760 3498 1816 sed
3530 1758 3691 1832 quod
3725 1775 3822 1815 re-

488 1855 707 1914 dicente
735 1874 751 1912 ε
776 1852 939 1928 Cujus
967 1855 1082 1911 lona
1103 1854 1158 1909 in
1185 1851 1471 1926 Evanqelio
1492 1863 1567 1909 est
1594 1869 1685 1926 per
1706 1867 1879 1906 omnes
1908 1848 2089 1906 Eccle·
2121 1843 2169 1903 B
2196 1861 2419 1925 putetur
2447 1869 2578 1924 pura
2605 1863 2772 1925 atque
2799 1855 3016 1910 sincera
3034 1895 3049 1917 .
3081 1868 3206 1925 quae
3238 1852 3500 1909 maculari
3527 1853 3685 1909 ultra
3715 1851 3825 1908 de-

488 1951 595 2005 sias
625 1949 691 2022 (lt
720 1947 843 2006 Cor.
871 1946 1010 2020 vut).
1048 1948 1162 2002 lloc
1189 1946 1333 2002 enim
1360 1945 1431 2002 de
1453 1945 1605 2001 nullo
1644 1944 1753 2001 alio
1775 1943 2000 2016 dicitur,
2033 1955 2090 2001 et

492 2041 594 2100 nisi
616 2043 686 2099 de
718 2043 857 2098 Luca
891 2042 1097 2098 dictum
1129 2041 1363 2097 traditur
1392 2057 1406 2096 z
1446 2038 1630 2094 Visum
1653 2047 1729 2094 est
1758 2046 1807 2092 et
1850 2036 1979 2091 milei
2005 2054 2081 2090 os·

491 2148 664 2194 secieto
686 2153 719 2191 α
748 2136 1005 2209 principio
1046 2136 1223 2190 omnia
1244 2134 1518 2207 diliqenter
1544 2148 1608 2187 ex
1626 2132 1808 2187 ordine
1840 2130 1934 2185 tibi
1956 2129 2092 2184 scri-

492 2232 628 2299 bere,
657 2232 849 2305 optime
876 2229 1185 2305 Theophila.
1218 2230 1376 2285 Putat
1398 2228 1616 2300 aliqui8‚
1648 2228 1793 2299 quod
1821 2228 1888 2283 ad
1911 2226 2091 2283 Theo-

495 2325 703 2397 philum
727 2324 1036 2396 quempiam
1069 2322 1421 2393 Evangelium
1443 2321 1733 2394 scripserit
1756 2334 1978 2376 :omnes
1996 2319 2091 2390 qni

496 2432 598 2474 nos
627 2417 828 2474 auditis
852 2416 1161 2487 loquentes,
1202 2416 1249 2472 si
1284 2415 1419 2472 tales
1461 2413 1671 2472 fueritis
1700 2424 1758 2471 ut
1784 2411 2088 2486 diligamini

492 2526 524 2567 a
558 2512 690 2580 Deo,
716 2524 772 2568 et
803 2525 899 2566 vos
923 2509 1210 2582 Theophili
1234 2512 1390 2577 estis,
1436 2522 1491 2566 et
1516 2510 1583 2566 ad
1612 2524 1711 2565 vos
1738 2507 2089 2579 Evangelium

494 2606 769 2663 scribitur.
821 2605 877 2662 Si
925 2605 1049 2677 quis
1085 2603 1425 2675 Theophilus
1454 2615 1559 2674 est,
1612 2604 1717 2659 iste
1747 2603 1991 2673 optimus
2038 2610 2092 2657 ct

491 2697 824 2756 fortissimus
877 2708 981 2764 cst,
1034 2697 1138 2753 hoc
1166 2706 1192 2734 ἢ
1220 2697 1421 2769 quippe
1466 2696 1867 2767 significantius
1896 2694 2091 2751 Grzrco

494 2805 751 2848 sermone
798 2789 999 2848 dicitur
1022 2792 1319 2870 κράτιστος.
1355 2787 1526 2844 Nemo
1572 2785 1909 2852 Theophilus
1937 2785 2085 2840 iulir-

495 2899 615 2942 mus
664 2894 769 2942 est.
804 2885 875 2942 Et
919 2889 1195 2957 quomodo
1222 2884 1483 2954 scriptum
1513 2894 1593 2938 est
1627 2881 1980 2956 251-252
2023 2881 2093 2936 de

494 2979 697 3050 populo
712 2978 897 3041 lsrael,
916 2978 1133 3050 quando
1147 2976 1528 3049 egrediebatur
1546 2991 1610 3032 ex
1630 2974 1869 3048 AEgypto
1886 2973 2088 3041 (Exod.

500 3071 635 3143 xiv),
653 3071 799 3143 quod
820 3089 927 3127 uon
953 3071 1112 3128 suerit
1136 3073 1189 3126 iu
1214 3070 1461 3126 tribubus
1486 3085 1675 3126 eorum
1696 3070 1942 3124 infirmus
1957 3085 1971 3122 ε
1988 3068 2090 3133 sic,

500 3175 558 3220 ut
576 3165 835 3221 audacter
856 3166 1067 3236 loquar,
1089 3164 1266 3222 dicam
1284 3165 1426 3235 quod
1445 3163 1624 3220 onmis
1648 3165 1737 3234 qui
1756 3161 2091 3232 Theophilus

497 3268 602 3328 est,
633 3260 703 3314 sit
735 3259 1015 3327 robustus,
1050 3258 1259 3314 habens
1308 3256 1678 3313 fortitudinem
1730 3256 2008 3312 robustam
2058 3269 2089 3308 a
2116 3221 2164 3288 C

503 3351 638 3418 Deo,
668 3362 944 3415 tamquam
971 3367 1000 3406 a
1024 3366 1285 3408 sermone
1305 3353 1449 3420 ejuS,
1475 3360 1532 3406 ut
1552 3364 1889 3421 cognoscere
1917 3347 2094 3421 possit

499 3461 690 3502 eorum
729 3446 1044 3514 verborum,
1092 3446 1290 3518 quibus
1335 3446 1591 3502 conditus
1622 3453 1730 3512 εει,
1779 3444 2090 3510 veritatem,

499 3537 812 3610 intelligens
835 3554 1141 3596 sermonem
1190 3538 1467 3611 Evangelii
1500 3539 1552 3595 in
1580 3537 1825 3606 Christo,
1858 3538 1943 3594 cui
1972 3537 2091 3608 glo-

500 3630 578 3687 ria
609 3630 664 3687 in
694 3631 892 3688 saccula
920 3631 1273 3701 saeculorum,
1301 3629 1499 3688 Amen.

1100 3743 1382 3802 Hostius
1424 3745 1491 3803 ll.

501 3837 579 3896 he
603 3853 670 3893 eo
698 3839 839 3909 quod
872 3838 1135 3907 scriptum
1166 3848 1247 3893 est
1279 3858 1294 3893 ε
1326 3837 1491 3893 Erant
1521 3848 1691 3895 autem
1709 3840 1845 3913 justi
1869 3838 2022 3893 ambo
2043 3841 2096 3893 in

572 3919 849 3982 conspectu
875 3907 993 3974 Dei,
1037 3910 1364 3965 anibulantes
1401 3913 1457 3966 in
1487 3912 1726 3966 ontnibtts
1764 3912 2026 3967 ntundatis
2049 3921 2097 3966 ct

561 3981 1029 4057 jttstificationibus
1056 3979 1269 4038 Domini
1297 3983 1409 4038 sine
1434 3983 1662 4054 querela.
1694 3981 1828 4054 Cap.
1851 3982 1895 4038 1.

573 4097 677 4167 Qui
705 4098 897 4155 volunt
926 4099 1163 4167 peccatis
1186 4099 1303 4155 suis
1328 4098 1630 4155 obtendere
1657 4098 1895 4171 aliquam
1927 4114 2098 4156 excu-

500 4193 807 4259 sationem,
836 4192 1151 4247 existimant
1200 4189 1409 4247 nullum
1447 4206 1572 4247 esse
1612 4193 1821 4263 absque
1850 4203 2096 4262 peceato,

503 4296 558 4343 et
598 4297 820 4343 utuntur
869 4290 1186 4344 testimonio
1220 4289 1366 4360 quod
1410 4290 1463 4346 in
1509 4288 1614 4346 Job
1654 4291 1917 4360 scriptum
1971 4303 2097 4346 est:

506 4378 676 4436 Nemo
700 4381 927 4435 mundns
947 4399 979 4435 a
1000 4382 1185 4450 sorde,
1226 4397 1289 4437 ne
1324 4382 1369 4437 si
1407 4383 1561 4438 unius
1586 4383 1796 4454 quidem
1819 4382 1921 4437 diei
1945 4385 2102 4454 suerit

502 4473 603 4529 vito
628 4473 741 4544 ejus
766 4489 923 4543 super
953 4480 1163 4528 terram.
1193 4473 1244 4528 N
1248 4474 1555 4530 umerabiles
1580 4487 1748 4530 autent
1772 4490 1967 4529 menses
1987 4477 2100 4544 ejus

507 4564 654 4637 (lob.
678 4564 813 4637 xiv).
846 4565 1016 4635 Cujus
1047 4580 1241 4621 sonum
1273 4565 1651 4623 tantummodo
1684 4567 1989 4637 prolerunt‚
2019 4569 2100 4620 in·

507 4661 953 4728 terpretationco·
1001 4660 1217 4731 penitus
1257 4660 1593 4729 ignorantes.
1640 4660 1919 4717 Adversus
1960 4676 2097 4729 quos

513 4758 749 4810 low-wion»
802 4754 1284 4822 uuquuniebimus,
1316 4755 1573 4823 quoniam
1617 4754 1826 4824 absque
1873 4764 2100 4827 peccato

513 4870 633 4906 &rin-3
669 4854 717 4906 in
766 4854 1061 4914 &inrupturis
1099 4848 1392 4920 dupliciter
1430 4849 1792 4921 intelligitur:
1826 4857 1887 4905 ut
1925 4851 1995 4905 sit
2023 4849 2103 4905 al-

511 4958 717 5010 ten-nm,
757 4960 1045 5014 nnntqmm
1075 4943 1299 4998 omnino
1332 4955 1587 5012 peccasse
1620 4960 1634 4997 ε
1665 4943 1930 5012 alterum,
1967 4958 2099 5013 pec-

509 5054 637 5094 rnru
669 5038 898 5094 disisam.
946 5038 998 5090 ἧι
1051 5037 1214 5107 igitur
1250 5035 1403 5090 aiunt
1449 5048 1575 5090 eum
1622 5035 1833 5105 absque
1872 5049 2102 5106 peccato

513 5138 645 5194 ιΙΙιἹ.
685 5154 766 5198 istri
806 5146 1093 5202 titttltqltutn
1124 5112 1465 5200 peccaverit.
1505 5140 1561 5184 et
1606 5143 1707 5184 nos
1744 5131 2099 5197 assentimus,

517 5234 721 5286 nullom
749 5246 870 5286 csso
906 5230 1107 5294 alisque
1136 5237 1383 5298 peccato,
1416 5227 1539 5295 quia
1570 5241 1768 5280 omnes
1796 5223 1826 5263 ¹³
1856 5225 2108 5282 homines

517 5326 806 5394 aliqnando
842 5321 1221 5394 paciatvimus,
1268 5320 1391 5374 licet
1422 5327 1613 5391 postea
1646 5319 1903 5375 virtutem
1935 5322 2111 5377 secuti

517 5434 721 5474 suiuus.
761 5418 814 5470 :tii
870 5430 994 5470 vcro
1038 5413 1118 5469 sic
1164 5411 1481 5483 intelligunt
1531 5411 1814 5467 hominem
1849 5428 1956 5466 non
1989 5427 2112 5468 esse

586 5613 611 5642 ¹¹
634 5603 833 5660 lterum
852 5616 915 5655 ex
936 5594 1247 5667 interpretis
1272 5592 1387 5647 cala
1398 5607 1508 5654 mo,
1530 5608 1637 5647 non
1656 5590 1917 5650 auctoris,
1938 5589 2108 5646 hocce

512 5677 731 5736 additur
752 5688 963 5730 comma
994 5690 1008 5728 ε
1033 5667 1175 5740 quod
1200 5668 1345 5721 enim
1376 5667 1430 5719 in
1457 5664 1648 5720 Graeco
1674 5671 1779 5732 est,
1804 5664 2108 5739 κράτιστος,

511 5761 570 5807 ει
592 5747 811 5821 proprie
839 5745 1181 5818 fortissimum
1206 5745 1388 5803 sonat,
1420 5736 1627 5793 Latinae
1660 5735 1933 5791 versionis
1958 5733 2113 5791 codi-

511 5836 605 5880 ces
631 5824 881 5948 vatimont
906 5818 1363 5884 interpretantur.
1400 5857 1408 5868 .
1617 5881 1630 5894 ·
1700 5880 1713 5894 ⁶
2015 5877 2027 5891 .

580 5891 611 5931 ἱ·
703 5889 949 5948 onendus
991 5895 1078 5945 cst
1107 5888 1281 5942 lector
1310 5881 1534 5938 Mariam
1568 5880 1851 5954 Virginem
1880 5879 2108 5952 speciali

2189 1947 2365 2001 sicrit.
2392 1947 2518 2003 liare
2546 1946 2753 2002 idcirco
2777 1945 3044 2014 diximuS‚
3070 1955 3128 2002 ut
3147 1947 3473 2002 doceremus
3505 1960 3681 2017 posse
3711 1944 3825 2002 ho-

2191 2042 2392 2097 minem
2423 2042 2496 2098 ob
2527 2041 2580 2098 id
2609 2042 2756 2114 quod
2801 2057 3034 2113 peccare
3070 2041 3310 2112 desivit,
3358 2045 3540 2098 vocari
3591 2041 3822 2113 absque

2188 2146 2453 2208 peccato,
2486 2143 2544 2192 et
2583 2137 3018 2193 immaculatum.
3067 2134 3224 2194 Unde
3251 2145 3310 2193 et
3337 2135 3824 2194 manifestissime

2190 2230 2258 2287 de
2285 2230 2548 2287 Zacharia
2577 2240 2633 2289 et
2665 2230 2938 2287 Elisabeth
2964 2231 3224 2287 scribitur
3250 2247 3264 2285 t
3295 2229 3466 2286 Erant
3481 2231 3622 2305 justi
3648 2231 3823 2285 ambo

2189 2328 2243 2382 in
2275 2338 2549 2394 conspectu
2577 2322 2675 2379 Dei
2705 2324 3050 2380 ambulantes.
3084 2323 3154 2379 In
3181 2324 3419 2380 omnibus
3445 2333 3629 2379 auum
3652 2333 3824 2379 erant

2181 2420 2315 2494 justi
2344 2419 2497 2473 ambo
2525 2428 2642 2473 ante
2673 2416 2957 2473 Dominum
2977 2459 2992 2484 ‚
3032 2417 3321 2473 incedentes
3365 2418 3420 2473 in
3448 2417 3733 2471 mansdatis
3767 2425 3822 2472 et

2182 2511 2649 2585 justificationibus
2671 2509 2883 2566 Domini
2913 2512 3024 2566 sine
3051 2508 3287 2583 querela.
3316 2509 3650 2582 Diligentius
3681 2510 3815 2565 lau·

2192 2606 2290 2662 des
2320 2606 2604 2661 Zachariae
2633 2615 2688 2662 et
2733 2604 3022 2662 Elisabeth
3043 2649 3059 2671 ,
3093 2620 3230 2677 quas
3279 2612 3503 2662 sanctus
3532 2603 3726 2661 Lucas
3760 2605 3821 2659 in

2193 2715 2288 2756 sua
2321 2700 2512 2757 scribit
2541 2699 2792 2769 historia,
2825 2698 3267 2770 contemplemur
3301 2718 3314 2753 :
3347 2714 3456 2755 non
3489 2708 3719 2753 tantum
3758 2707 3825 2755 ut

2193 2791 2431 2847 sciamus
2463 2790 2588 2847 illos
2619 2791 2788 2848 luisse
2819 2790 3159 2858 laudabiles;
3195 2791 3294 2847 sed
3329 2798 3388 2846 ut
3416 2800 3671 2846 sanctum
3713 2805 3821 2846 ze-

2193 2884 2306 2940 lum
2338 2894 2718 2951 assumentes,
2749 2884 2912 2939 etiam
2947 2883 3052 2952 ipsi
3085 2882 3246 2940 laude
3275 2883 3425 2955 digni
3454 2882 3814 2940 efficiamur.

2196 2975 2455 3032 Potuerat
2481 2977 2800 3047 simpliciter
2830 2976 3109 3042 scribere,
3143 2986 3291 3032 eram
3309 2979 3444 3048 justi
3479 2977 3658 3043 ambo,
3694 2994 3824 3031 am-

2196 3070 2426 3127 bulantes
2452 3072 2504 3126 in
2525 3071 2761 3126 oninium
2789 3071 3051 3126 mandatis
3066 3088 3086 3138 ;
3105 3087 3249 3126 nunc
3273 3082 3456 3126 autem
3484 3073 3824 3128 necessario

2195 3163 2433 3232 additur,
2456 3165 2592 3238 justi
2619 3164 2772 3219 autho
2812 3165 2865 3218 in
2903 3174 3183 3234 conspectu
3228 3163 3343 3218 Dei.
3380 3163 3563 3219 Potest
3598 3164 3824 3235 quippe

2196 3255 2340 3322 lieri,
2364 3267 2424 3311 ut
2452 3255 2526 3312 sit
2545 3254 2743 3325 aliquis
2760 3255 2941 3326 justus
2972 3256 3024 3309 in
3049 3263 3348 3320 conspectu
3375 3254 3692 3323 homiuum,
3711 3258 3822 3312 sed

2194 3351 2253 3407 in
2271 3359 2572 3424 conspectu
2602 3350 2701 3406 Dei
2731 3364 2865 3407 non.
2892 3349 3058 3406 Verbi
3088 3349 3288 3420 gratia,
3317 3348 3536 3420 quando
3563 3364 3678 3403 uon
3714 3349 3824 3404 ha·

2196 3444 2289 3500 bet
2314 3443 2480 3498 homo
2509 3442 2653 3513 quod
2681 3442 2751 3499 de
2785 3457 2871 3498 me
2904 3442 3049 3497 male
3081 3441 3359 3511 loquatur,
3388 3450 3443 3496 et
3470 3443 3523 3497 in
3556 3457 3648 3498 me
3681 3443 3825 3498 uni-

2196 3552 2350 3593 versa
2381 3536 2740 3593 considerans
2770 3534 2906 3591 nihil
2933 3534 3020 3590 cui
3052 3534 3333 3601 detrahat,
3368 3533 3596 3603 reperit,
3619 3534 3827 3604 justus

2197 3647 2318 3688 sum
2349 3632 2404 3687 in
2452 3638 2746 3701 conspectu
2794 3628 3107 3684 hominum.
3139 3626 3312 3698 Finge
3357 3641 3549 3682 omnes
3597 3626 3670 3682 de
3723 3644 3827 3685 me

2198 3726 2466 3798 mqualem
2493 3725 2697 3781 habere
2723 3722 3080 3788 sententiam,
3103 3731 3158 3778 et
3185 3735 3436 3793 quaerere
3467 3721 3593 3790 quid
3621 3721 3829 3776 detra-

2198 3820 2331 3876 hant
2354 3820 2510 3882 mihi.
2530 3828 2584 3875 et
2611 3829 2792 3874 tamen
2822 3817 3075 3873 invenire
3098 3829 3206 3872 non
3232 3831 3413 3885 posse,
3433 3813 3528 3869 sed
3557 3829 3827 3872 consono

2200 3930 2289 3972 ine
2315 3930 2412 3969 ore
2435 3911 2662 3969 laudare
2691 3929 2705 3966 z
2736 3911 2917 3983 justus
2949 3926 3069 3965 sum
3103 3910 3156 3965 in
3186 3918 3483 3979 conspectu
3509 3905 3818 3965 hominum

2199 4011 2592 4083 plurimorum;
2628 4022 2819 4063 verum
2860 4005 3142 4062 bominum
3173 4018 3281 4060 non
3309 4012 3393 4059 cst
3419 4009 3630 4057 certum
3650 4003 3821 4070 judi-

2199 4101 2639 4160 cium.Nesciunt
2661 4099 2806 4154 euim
2831 4105 3011 4153 utrum
3043 4097 3095 4151 in
3127 4095 3451 4150 abscondito
3479 4093 3668 4149 cordis
3699 4096 3824 4151 mci

2199 4197 2493 4270 aliquando
2522 4193 2895 4268 peccaverim,
2928 4202 3115 4247 utrum
3148 4189 3376 4246 viderim
3410 4188 3703 4243 mulierem
3744 4189 3818 4243 ad

2200 4290 2704 4363 concupiscendum
2730 4304 2850 4345 eam
2875 4284 3095 4358 (fluuit.
3121 4283 3198 4357 v),
3227 4293 3284 4338 et
3308 4281 3643 4338 adulterium
3675 4282 3826 4337 mihi

2202 4388 2256 4443 in
2289 4386 2456 4442 corde
2485 4385 2794 4438 situatum.
2835 4380 3101 4450 Ignorant
3147 4375 3503 4452 253-254
3553 4375 3827 4432 homines

2203 4497 2326 4537 cnm
2353 4496 2442 4535 me
2464 4477 2703 4533 viderint
2725 4474 3024 4530 secundum
3052 4474 3202 4527 vires
3224 4487 3374 4527 meas
3396 4473 3829 4543 eleemosynam

2204 4576 2420 4640 lacere,
2469 4587 2648 4628 utrum
2678 4578 2906 4643 propter
2950 4567 3269 4624 mandatum
3304 4567 3398 4622 Dei
3439 4563 3703 4630 fecerim,
3753 4583 3829 4621 an

2211 4667 2493 4722 hominum
2527 4663 2741 4720 laudem
2775 4662 3134 4731 favoremque
3181 4658 3515 4730 quaesierim.
3562 4656 3831 4711 Dil'licilis·

2211 4777 2301 4817 res
2339 4771 2421 4816 est
2461 4759 2514 4814 in
2555 4763 2854 4828 conspectu
2897 4753 2991 4809 Dei
3027 4752 3238 4820 iustum
3280 4766 3439 4815 esse,
3496 4759 3554 4804 ut
3593 4763 3708 4803 uon
3753 4749 3833 4805 ob

2207 4855 2370 4912 aliam
2399 4867 2618 4908 causam
2649 4848 2781 4922 qnid
2827 4847 2952 4903 boni
3001 4844 3176 4901 lacios
3208 4843 3310 4899 uisi
3357 4849 3587 4915 propter
3634 4842 3832 4912 ipsum

2210 4948 2447 5011 bonum,
2465 4958 2518 5002 et
2549 4947 2714 5000 heum
2738 4950 2951 4997 tantum
2978 4952 3196 5010 quaeras
3222 4936 3350 4991 honi
3374 4932 3559 5004 operis
3579 4932 3833 4989 retribu-

2211 5051 2407 5097 torem.
2460 5036 2591 5093 Tale
2634 5034 2761 5104 quid
2803 5043 2859 5088 et
2903 5029 3206 5102 Apostolus
3256 5027 3501 5097 loquitur
3532 5043 3545 5079 ε
3579 5023 3832 5089 Quorum

2212 5134 2329 5191 laus
2358 5147 2464 5186 non
2488 5145 2552 5184 ex
2575 5126 2893 5191 hominibus,
2916 5123 3008 5178 sed
3036 5139 3101 5178 ea:
3134 5121 3240 5175 Deo
3267 5129 3342 5175 est
3365 5117 3543 5188 (Ront.
3568 5113 3654 5188 ιι).
3686 5115 3833 5172 Bea-

2213 5237 2303 5283 tus
2329 5224 2423 5296 qui
2455 5224 2508 5279 in
2533 5229 2837 5291 conspectu
2858 5219 2952 5274 Dei
2976 5219 3157 5287 justus
3179 5225 3288 5281 est,
3319 5221 3481 5282 atque
3505 5210 3829 5270 laudabilis,

2213 5319 2476 5376 Homines
2498 5316 2667 5379 enim,
2694 5311 2942 5382 quamvis
2967 5318 3174 5365 certum
3201 5306 3469 5378 iudicium
3502 5304 3707 5359 hahere
3744 5305 3832 5357 vi-

2211 5415 2472 5480 deantur,
2504 5421 2685 5466 tamen
2715 5421 2822 5462 non
2865 5413 3095 5476 possunt
3140 5402 3206 5456 ad
3257 5399 3522 5472 liquidum
3569 5413 3828 5470 pronun·

2203 5588 2310 5644 -Dei
2349 5581 2641 5659 privilegio
2666 5583 2736 5638 ab
2779 5583 2882 5640 hac
2915 5593 3225 5653 exemptam
3256 5594 3489 5637 censura
3528 5596 3540 5631 :
3576 5578 3828 5649 ideoque

2215 5660 2548 5728 ιιιοιιειιιΙιιε,
2582 5659 2704 5727 (litia
2744 5655 3008 5724 Origenes
3063 5669 3119 5708 ιιι
3154 5655 3384 5708 inferius
3420 5650 3487 5705 ad
3519 5650 3711 5704 homil.
3758 5655 3825 5709 ll

2213 5730 2509 5789 dicendum
2541 5739 2658 5797 est,
2688 5729 2863 5800 ipsam
2893 5739 3116 5798 quoque
3144 5725 3246 5781 sub
3276 5724 3380 5780 hoc
3424 5723 3672 5779 oninium
3714 5721 3827 5778 ho-

2216 5805 2421 5862 miuum
2448 5802 2772 5860 infirmitate
2793 5800 2962 5871 impie
2980 5806 3331 5855 annumerat.
