4000 6334
103 367 143 425 tii
517 355 759 418 cottuortrunrr
777 355 811 414 trt
832 354 964 416 trooott
982 358 1054 420 too.
1074 358 1153 420 cto.
1174 357 1297 418 xxiiii.
1676 353 1729 414 iot

103 481 187 548 turios,
200 477 224 534 id
237 485 294 546 est,
308 486 455 545 errantets
464 485 494 534 et
506 476 569 534 illos
581 491 649 549 (tuos
660 474 762 532 obiitus
773 484 815 531 est
826 488 872 545 pos
886 475 1003 536 uronis
1022 487 1164 551 tamquam
1179 478 1335 534 animarum
1348 473 1511 546 seminibus,
1527 487 1624 532 mosas
1638 474 1729 547 magni

102 573 187 646 ερειιιιε
201 570 333 641 hominis,
348 570 488 642 separabit
505 579 618 628 torrens
640 583 656 624 a
670 565 772 640 populo
791 581 872 639 pere·
925 571 1094 644 pretiosique
1111 581 1270 629 nascantur.

100 670 220 744 mittito·
235 681 268 724 to
292 665 365 737 qood
390 665 492 723 obiitus
515 680 610 722 eorum
625 664 662 720 sit
675 674 795 735 gressus.
810 660 875 720 stre
962 668 1093 726 Scantiam
1103 668 1236 742 iquorsm't
1249 669 1316 724 ouis.
1328 666 1428 723 [istius
1441 664 1575 738 plurimos
1588 664 1617 720 iu
1631 661 1728 721 eadem

101 775 201 836 praeeat
225 761 398 818 conuersatio
412 758 518 834 ostatis
533 757 651 816 hominis
671 759 748 830 pertis
765 757 875 814 nomino
925 765 1040 836 regione
1054 764 1202 821 multitudo
1216 763 1400 820 habitatorum
1414 761 1533 829 iecerat,
1550 767 1580 816 et
1592 758 1656 816 idco
1670 757 1728 814 tos-

100 856 230 929 nquiorem
244 863 297 912 est.
315 854 422 912 obiitus
435 863 478 912 εει
491 854 576 918 dixit.
594 869 643 926 pro
666 867 699 910 eo
714 852 786 925 quod
801 867 875 924 prm·
926 873 975 916 san
990 857 1075 927 disis,
1088 858 1162 931 qnod
1174 858 1334 929 unitusque
1346 855 1480 930 frequenti
1493 853 1637 912 hominnm
1650 851 1729 925 copis

100 952 180 1010 iliosis
196 965 295 1022 mens,
311 963 366 1006 111111
381 949 520 1006 11ῑθθ11111
536 963 585 1020 ow
599 947 753 1020 hujusmodi
778 947 877 1018 depre·
927 953 1040 1011 semitas
1053 952 1191 1020 intuendi,
1207 953 1252 1010 rel
1263 951 1379 1010 facultas
1391 950 1449 1008 illic
1459 946 1644 1023 respondendi
1654 947 1730 1004 loco-

99 1055 176 1113 mtus,
190 1059 250 1099 cum
276 1051 369 1101 amen
384 1043 558 1116 eleemosyna
581 1041 665 1098 berum
691 1051 827 1114 precetur,
848 1041 875 1098 id
927 1046 1045 1104 dendlve
1062 1062 1116 1103 non
1133 1045 1226 1103 luerit.

97 1145 146 1204 ut,
160 1137 244 1208 ipsam
258 1150 328 1206 opus
339 1134 440 1193 honum
452 1135 523 1208 qnod
538 1134 621 1192 homo
630 1133 743 1203 iecerit,
759 1134 874 1207 quadam
964 1138 1141 1196 Nesiutuitus
1153 1147 1192 1196 est
1204 1154 1262 1195 ram
1276 1140 1371 1197 ocutus
1380 1137 1501 1195 muscis.
1513 1135 1582 1206 Quia
1594 1144 1650 1192 tam
1662 1151 1730 1193 con·

97 1231 300 1290 manifestatione
311 1229 356 1288 soi
369 1231 495 1303 loquatur
506 1229 540 1287 ad
555 1231 649 1287 heom.
665 1229 721 1286 llca
732 1243 799 1298 erqo
810 1229 878 1286 dicit
927 1232 1022 1291 densis
1036 1233 1156 1299 tratetis,
1169 1243 1198 1290 et
1208 1233 1346 1304 corstiguis
1359 1232 1506 1291 arboribus
1519 1231 1629 1290 consita
1644 1239 1703 1287 erat
1719 1247 1727 1286 s

97 1339 192 1384 sanctus
214 1325 284 1392 lob,
300 1325 373 1398 quod
398 1327 486 1384 inuios
500 1326 561 1382 sinc
574 1325 618 1382 sia
633 1327 710 1382 serat
736 1325 877 1398 religionis
928 1337 957 1383 ut
968 1339 1029 1383 eata
1039 1339 1105 1383 ares
1113 1324 1232 1398 desuper
1241 1326 1365 1383 rotantes
1373 1325 1525 1396 depascere
1535 1338 1590 1382 non
1601 1331 1725 1392 nossent.

96 1422 219 1491 virentes,
243 1431 271 1476 et
285 1423 331 1492 qui
357 1419 573 1478 misericordiam
602 1418 787 1492 pauperihus,
802 1419 874 1490 quod
928 1419 1061 1479 semitam
1077 1419 1214 1492 ignorarit
1229 1419 1288 1475 avis
1305 1439 1312 1476 :
1333 1434 1386 1476 nec
1400 1419 1516 1476 intuitus
1529 1427 1572 1477 est
1584 1433 1645 1474 cam
1659 1429 1728 1474 ocu·

97 1525 130 1574 ost
145 1514 241 1572 Christi
257 1515 389 1572 iratribus
403 1530 458 1571 nou
473 1516 610 1582 lecerunt,
627 1523 734 1571 torrens
750 1512 818 1586 ignis
834 1529 879 1570 se-
928 1515 972 1570 lus
980 1513 1110 1570 ruituris.
1123 1512 1208 1570 hiem
1218 1523 1247 1571 et
1256 1514 1405 1580 vulturem,
1416 1513 1506 1586 ipsum
1516 1512 1655 1571 diabolum
1666 1527 1728 1569 cum

97 1619 174 1682 paret,
188 1609 267 1665 ειιιιιιι
280 1617 308 1665 ει
320 1625 337 1666 a
351 1618 507 1666 sanctorum
527 1609 667 1667 consortio
681 1609 793 1665 diridet.
811 1608 879 1665 Sive
929 1607 986 1664 suls
1000 1621 1147 1680 possumus
1159 1606 1272 1678 dicere,
1283 1607 1330 1679 qui
1341 1606 1467 1664 semitam
1478 1605 1628 1679 spiritualis
1642 1603 1726 1662 intel·

98 1701 133 1758 hie
143 1715 239 1773 egsum
261 1701 371 1773 proprie
385 1700 516 1759 Salvator
533 1707 629 1758 noster
644 1699 817 1772 intelligitus,
831 1699 878 1771 qui
929 1703 1049 1776 ligentiac
1060 1703 1088 1760 ιιι
1103 1702 1187 1775 usqe,
1204 1709 1234 1758 et
1247 1701 1409 1774 prophetis:
1424 1699 1477 1756 boc
1491 1708 1554 1767 cst,
1568 1714 1628 1772 quse
1642 1699 1669 1754 iu
1682 1699 1731 1756 lu·

98 1804 194 1868 propter
205 1807 254 1849 nos
266 1808 389 1866 escum,
404 1804 434 1850 et
452 1808 556 1866 pauper
570 1791 657 1850 tactus
670 1801 711 1848 est
723 1807 784 1849 cum
799 1790 878 1850 diues
930 1796 1017 1854 dream
1033 1797 1141 1854 occulte
1160 1796 1388 1868 praedicebantur,
1405 1808 1489 1852 nosse
1503 1794 1616 1851 minime
1630 1801 1727 1866 potae·

97 1900 169 1947 esset.
182 1889 210 1946 lu
235 1889 306 1962 pede
332 1905 441 1962 quoquc
464 1890 541 1963 eius,
567 1889 818 1963 dispensationem,
834 1891 876 1947 rei
891 1875 1003 1950 ant.
1016 1891 1072 1948 Nec
1084 1891 1183 1950 intueri
1199 1891 1290 1964 atiquo
1305 1888 1421 1964 vestigio
1432 1887 1557 1947 scientiae
1568 1887 1727 1957 valuerunt,

98 1983 244 2040 saumariis
259 1984 409 2051 homiuem,
430 1985 472 2042 sei
489 1983 620 2040 mundum
634 1984 814 2056 ingredientis
829 1985 877 2040 ad·
928 1999 944 2042 a
968 1984 1076 2042 saeculis
1099 1984 1312 2056 dispensationis
1332 1983 1432 2041 lutura
1452 1981 1613 2040 abscondita
1634 1994 1729 2038 saera·

96 2077 441 2152 resteiiudeproplretaalt
454 2097 461 2136 ε
474 2078 876 2156 linistiinmtntenpnpstisnt.
929 2088 1032 2135 merua.
1055 2076 1095 2134 Ite
1118 2077 1218 2149 quibos
1234 2079 1275 2133 tit
1299 2077 1448 2150 Apostolus
1471 2093 1478 2132 t
1500 2074 1548 2131 Det
1571 2073 1729 2146 sapientiam

97 2174 123 2231 lli
132 2176 247 2248 erpnqui
260 2175 493 2249 dispensationem
505 2177 603 2234 salutis
615 2193 672 2235 sum
687 2179 713 2234 ia
731 2178 878 2252 ovanqeiio
930 2173 1061 2248 totototo?
1082 2173 1111 2229 ιἰι
1136 2173 1278 2244 myrteto,
1302 2187 1364 2244 too
1389 2169 1543 2227 abscondito
1565 2179 1603 2227 ert
1626 2184 1730 2241 rotem

97 2283 140 2324 non
153 2279 325 2341 receperant,
342 2269 472 2328 oblivioni
484 2271 540 2328 dati
552 2279 632 2344 sum,
644 2273 690 2346 qui
704 2273 818 2332 credere
828 2289 878 2346 per
929 2285 1004 2325 armo
1016 2267 1163 2340 principun
1174 2262 1352 2339 hujusscoati
1363 2264 1493 2338 ooqrsonit.
1505 2263 1638 2321 semitm
1652 2261 1732 2333 igno·

97 2361 206 2419 duritiam
230 2363 348 2435 propriae
370 2364 519 2422 uoluntatis
543 2369 699 2424 uoluerunt.
716 2369 751 2426 Et
774 2369 878 2426 idcirco
929 2365 1000 2422 rasit
1023 2363 1084 2420 aris
1099 2379 1106 2418 ε
1120 2375 1172 2419 ucc
1186 2361 1300 2418 intuitus
1322 2370 1367 2417 est
1390 2374 1452 2416 eam
1475 2359 1573 2416 oculus
1598 2357 1728 2414 vulturis.

98 2456 153 2513 inrii
174 2456 235 2516 dicti
251 2466 335 2528 sunt,
348 2458 411 2532 qula
434 2459 590 2531 Christum,
613 2463 660 2535 qui
682 2473 724 2520 est
745 2465 805 2535 ria,
823 2479 877 2522 uon
929 2455 1099 2515 Possrnrthic
1112 2455 1168 2514 duo
1181 2454 1274 2526 populi
1285 2451 1401 2525 intelligi
1415 2467 1470 2508 non
1482 2448 1602 2507 absurdo
1614 2492 1622 2519 ,
1634 2448 1662 2507 id
1674 2445 1728 2520 est',

97 2561 256 2623 receperunt.
927 2551 1084 2609 ludaeorum
1108 2560 1137 2607 ει
1151 2550 1283 2622 qenrinm.
1299 2546 1427 2606 carnalis
1451 2560 1517 2618 erpo
1530 2544 1626 2602 iudaea
1647 2544 1728 2600 tidem

125 2643 198 2701 Terra
218 2646 249 2702 ds
271 2663 324 2718 pun
348 2647 482 2704 oriebatur
495 2648 587 2720 prais,
612 2651 640 2705 irs
655 2649 713 2708 ioco
736 2667 800 2719 sao,
823 2653 879 2725 iqui
929 2647 957 2703 iu
982 2646 1090 2704 christu
1116 2661 1170 2702 non
1187 2644 1292 2701 habens
1307 2661 1315 2699 ι
1331 2643 1380 2699 sed
1394 2641 1489 2713 potius
1503 2637 1573 2710 lepis
1599 2637 1729 2710 operibus

96 2743 203 2797 morosa
216 2751 261 2802 cst.
278 2743 407 2800 ltirersas
426 2757 471 2800 res
490 2755 518 2800 ει
530 2746 662 2803 obscuras
675 2749 833 2816 connectit,
850 2757 878 2806 ut
928 2743 1043 2810 riscus,
1058 2740 1185 2799 cumdem
1205 2736 1345 2796 christum
1358 2752 1411 2809 pro
1426 2734 1506 2792 trahis
1521 2735 1622 2791 tactura
1643 2733 1730 2789 semi·

96 2849 148 2890 cum
172 2835 356 2906 structioribus
377 2837 505 2895 interiora
530 2855 585 2897 non
601 2839 736 2900 hmreant.
759 2841 878 2900 Proinde
930 2850 984 2895 tam
995 2837 1054 2895 sire
1065 2838 1146 2902 riam,
1162 2850 1215 2908 qua
1231 2834 1338 2891 reditur
1351 2831 1385 2888 ad
1398 2832 1526 2904 patriam,
1542 2839 1573 2885 ut
1586 2826 1728 2885 incredula

96 2929 154 2986 mihi
173 2929 288 2999 ridetur,
314 2931 377 3004 qaia
406 2933 458 2990 hnc
483 2933 543 2990 ioco
569 2943 672 2991 terram
696 2935 878 2992 Sodomorum
930 2931 1087 3005 ignorarit:
1109 2938 1223 3001 propter
1243 2929 1390 2985 elationem
1406 2941 1493 2992 strant,
1506 2937 1558 2996 qua
1572 2937 1604 2980 sc
1617 2921 1730 2994 parabat

97 3023 234 3092 describat,
249 3025 331 3098 cujus
344 3024 559 3098 abundantiam,
574 3039 600 3085 ot
616 3030 801 3085 amoenitatem
815 3045 878 3086 cum
931 3023 999 3097 lepis
1014 3022 1143 3095 opseribus
1158 3037 1243 3095 posse
1254 3019 1410 3093 justitieari.
1423 3017 1491 3076 Aris
1503 3015 1576 3073 dicta
1593 3024 1646 3084 est,
1661 3014 1730 3072 leuis

95 3117 263 3174 admiratione
274 3119 424 3177 collaudet.
436 3119 521 3178 ’terra
531 3120 566 3178 de
577 3137 630 3193 qua
646 3123 787 3179 oriebatur
802 3123 879 3192 panis
930 3121 1034 3189 uttqne,
1048 3123 1078 3174 ει
1086 3130 1155 3189 naqa
1172 3125 1274 3187 :atque
1289 3114 1316 3169 in
1332 3111 1400 3185 ipsis
1414 3110 1545 3181 operibus
1561 3108 1628 3179 legis
1642 3107 1730 3163 iusta-

96 3209 119 3264 in
132 3208 187 3266 loco
207 3225 271 3283 suo,
289 3212 345 3284 igni
359 3213 490 3271 subversa
504 3224 557 3270 est.
572 3214 728 3272 ilmoterra
744 3225 836 3288 potest
851 3224 880 3274 et
930 3209 1004 3268 bilis.
1017 3208 1124 3266 luituri
1138 3223 1207 3265 reru
1226 3207 1347 3281 gentium
1367 3206 1484 3280 ριριιιιιε
1499 3203 1562 3261 ideo
1585 3199 1730 3258 assimilari

95 3302 176 3359 iudea
189 3305 315 3377 intelligi,
329 3307 355 3363 in
370 3321 421 3378 qua
444 3309 524 3380 panis
538 3308 606 3380 legis
630 3309 696 3377 liei,
713 3325 760 3381 per
775 3309 877 3367 doctri·
892 3273 916 3341 c
931 3304 1040 3362 ridetur
1053 3323 1060 3361 ι
1072 3303 1201 3377 quoniam
1212 3317 1261 3374 per
1275 3315 1386 3359 errores
1403 3307 1573 3355 mortuorum
1588 3294 1729 3354 hominnm

96 3411 150 3452 tam
163 3399 358 3471 prophetarum
384 3402 494 3473 populis
510 3403 685 3472 nascebatur,
712 3418 765 3476 qua
786 3419 880 3462 autore
930 3398 1123 3468 discurrebat,
1139 3407 1167 3455 et
1181 3398 1264 3455 rebus
1278 3397 1395 3453 mortuis
1417 3393 1593 3466 pascebatur.
1609 3391 1642 3448 Ιιι
1663 3407 1731 3463 ergo

96 3489 137 3547 liei
164 3507 209 3564 per
233 3493 315 3552 tidem
334 3494 440 3552 Christi
459 3497 578 3554 earnalis
598 3497 669 3570 legis
695 3497 878 3571 intelligentia
930 3492 1070 3551 Christum
1096 3491 1164 3564 lepis
1180 3491 1271 3547 littera
1292 3489 1450 3556 obtectum,
1471 3493 1501 3544 et
1513 3494 1616 3541 terram
1632 3497 1731 3552 repro-

95 3583 215 3644 suhuersa
230 3596 289 3657 est,
305 3595 334 3645 et
358 3589 386 3644 in
411 3597 501 3646 rectos
516 3590 657 3657 tramites,
672 3598 701 3648 et
722 3592 879 3662 spirituales
931 3586 1071 3643 missionis
1081 3600 1132 3657 per
1143 3581 1284 3640 Ghrlstum
1307 3583 1445 3647 laturam,
1461 3578 1605 3650 opacitatis
1623 3575 1730 3648 siqnitl·

94 3689 179 3734 sensas
192 3681 356 3751 corrstituta,
372 3690 402 3738 ut
420 3681 476 3753 jam
491 3683 663 3741 occidentem
679 3684 799 3742 litteram
823 3703 878 3743 nnn
931 3681 1070 3738 cationum
1084 3677 1252 3736 umbraculis
1268 3690 1322 3731 non
1338 3681 1487 3746 potueruut
1501 3672 1615 3728 amitino
1627 3667 1732 3740 perspi·

94 3775 223 3839 “tutili-
930 3789 1005 3834 ecre.
1021 3773 1151 3833 Semitam
1167 3770 1302 3843 ignorarit
1315 3769 1375 3824 auis
1390 3785 1398 3824 s
1412 3782 1463 3823 nec
1478 3765 1593 3822 ιιιιιιιιιιε
1608 3771 1651 3820 est
1667 3775 1728 3816 eant

124 3857 201 3916 horus
219 3863 340 3937 sapphiri
353 3863 455 3936 lapides
469 3868 527 3939 ejas
538 3909 546 3934 ,
559 3876 583 3921 et
596 3865 677 3939 qteto
689 3866 759 3922 itlius
774 3883 878 3925 aarum.
931 3868 1027 3926 oculus
1048 3865 1175 3922 ruituris.
1198 3863 1256 3922 suh
1269 3861 1314 3918 tris
1329 3859 1496 3926 nominibus,
1511 3853 1639 3928 aristot.
1658 3851 1731 3925 suri)

93 3945 140 4005 Per
151 3952 333 4020 metaphoram
348 3955 434 4024 dicit,
451 3955 523 4028 qnod
540 3957 567 4013 in
588 3957 717 4015 Sodomis
740 3960 879 4015 uberrima
932 3973 958 4018 et
985 3957 1120 4025 vulturis,
1146 3956 1274 4013 inimicus
1299 3953 1430 4009 Ecclesiae
1457 3948 1661 4018 intetttpsmus,
1685 3944 1732 4014 ‘1¹¹5

93 4039 185 4098 luerint
204 4045 294 4101 omnia
310 4055 339 4103 ει
361 4049 482 4118 optima,
498 4064 558 4118 quze
581 4050 662 4106 ctiam
677 4065 745 4106 auro
760 4061 788 4107 et
814 4067 879 4121 pre·
933 4052 1053 4111 tenebris
1074 4051 1250 4106 obscuratum
1266 4048 1400 4104 habentes
1422 4043 1609 4106 intellectum,
1625 4037 1732 4095 nucic-

93 4134 162 4191 tiosis
174 4137 307 4208 lapidibus
322 4150 530 4212 comparentur.
542 4143 631 4200 Locrus
639 4145 762 4217 sapphiri
775 4145 881 4217 lapides
932 4154 995 4203 ruut
1015 4145 1142 4200 semitam
1158 4139 1402 4210 vocationisque,
1418 4152 1471 4209 qua
1483 4136 1517 4190 ad
1534 4133 1619 4189 ileum
1633 4129 1732 4186 ambu-

91 4225 213 4296 ejus.'Sic
227 4230 294 4288 dicit
308 4231 335 4288 ει
349 4231 479 4291 Dominus
495 4249 544 4306 per
555 4235 716 4307 proplietam
732 4237 821 4293 :la'ser
832 4256 880 4312 eqo
933 4240 992 4297 lans
1005 4253 1055 4311 per
1069 4236 1150 4293 ditem
1166 4234 1327 4292 reuertitur.
1340 4233 1448 4304 Quique
1461 4228 1578 4286 dirersis
1593 4225 1733 4282 erroribus

91 4328 197 4377 stanam
218 4339 264 4394 per
277 4323 395 4381 ordinem
418 4325 520 4400 lapides
541 4338 616 4392 tuos,
637 4337 663 4384 st
674 4331 791 4401 prrndabo
805 4342 830 4387 te
852 4335 879 4388 iu
932 4343 1104 4392 mortuorum
1118 4332 1262 4391 hominum
1277 4328 1362 4403 rapti,
1380 4326 1458 4401 otiosi
1474 4324 1569 4381 violate
1582 4319 1733 4378 ”humidi

89 4415 225 4485 sapphiris,
245 4419 402 4490 etreliqua.
420 4419 476 4476 lluc
489 4421 566 4478 euim
578 4422 679 4479 decore
694 4425 878 4495 pretiosorum
932 4436 1007 4486 sunt.

90 4503 222 4578 lapidum,
248 4510 276 4567 id
300 4520 361 4580 est,
385 4513 507 4570 omnium
521 4515 630 4573 Christo
644 4517 816 4576 credentium
831 4537 880 4592 per
969 4522 1032 4579 Noa
1043 4522 1274 4578 calcaousatsam
1284 4518 1334 4591 titii
1346 4519 1507 4573 institorum.
1522 4515 1581 4572 iioc
1593 4513 1647 4580 ait,
1659 4509 1733 4585 quad

91 4598 170 4656 lteram
183 4601 308 4673 Patrem,
337 4614 401 4662 tune
417 4605 547 4664 adornata
568 4619 612 4667 est
631 4609 744 4681 trudas,
771 4613 880 4684 qrrando
933 4616 971 4674 ita
983 4615 1067 4672 tuerit
1080 4625 1156 4671 terra
1167 4613 1349 4672 Sodomorum
1364 4611 1491 4667 omnibus
1512 4609 1593 4666 bonis
1606 4607 1708 4665 retecta
1725 4626 1732 4662 ε

89 4694 206 4761 quintium
221 4697 339 4770 populus
351 4698 377 4754 ει
393 4713 441 4770 ρει
456 4701 537 4758 fldem
551 4701 651 4760 Christi
663 4715 706 4762 est
724 4707 879 4778 copulatus.
895 4675 962 4768 1'ut
977 4711 1080 4768 nultius
1091 4709 1189 4782 patriae
1201 4709 1311 4779 oqueris
1323 4706 1522 4764 mercimoniis.
1536 4704 1597 4760 lton
1610 4705 1734 4760 calcare·

89 4783 174 4844 Locus
187 4792 311 4864 sapphiri
326 4793 432 4866 lapides
443 4797 521 4864 cirre,
538 4807 565 4853 et
575 4799 664 4870 glebas
679 4801 752 4857 illius
773 4817 879 4859 aurum.
932 4814 1067 4862 nauteam
1079 4802 1128 4860 tilii
1141 4802 1307 4858 institorum.
1321 4801 1466 4858 institores
1479 4801 1537 4858 siue
1549 4798 1735 4871 negotiatores
1759 4779 1769 4792 ⁸

88 4877 200 4952 Lapides
214 4887 347 4956 pretiosi,
358 4896 386 4942 et
399 4903 496 4944 aurum
511 4905 565 4946 nou
581 4891 609 4946 in
624 4894 725 4965 optima
739 4904 822 4960 terra,
833 4899 881 4954 sed
933 4897 1057 4973 praedicti
1083 4897 1282 4968 intelliguntur.
1296 4893 1364 4951 liam
1387 4895 1574 4966 trepotiatores
1587 4899 1651 4947 srrnt
1669 4888 1734 4945 mati

88 4972 112 5029 io
138 4981 264 5051 remotis,
292 4991 319 5038 et
333 4983 466 5054 squalidis
492 4984 607 5041 insertiri
633 4985 775 5044 dieantur.
797 4989 883 5062 igitur
933 5007 961 5052 et
973 4993 1084 5066 superbi
1097 5009 1104 5047 ι
1116 4991 1189 5062 quod
1201 4991 1282 5046 etiam
1294 4989 1327 5044 ad
1340 4989 1430 5060 ipsrrm
1442 4987 1582 5045 diabolum
1592 4983 1712 5057 pertinet
1725 5003 1732 5038 ε

86 5073 229 5130 εεειιιιιιιιιιι
245 5072 318 5132 ιιιιιιε
336 5075 445 5133 ιιιοιιιιιιι
460 5076 554 5135 iudaea
569 5080 674 5136 sterilis
688 5079 751 5148 lide,
768 5095 794 5139 er
810 5083 880 5141 inte·
933 5088 977 5160 qui
1006 5084 1165 5156 superbiam
1192 5083 1324 5139 delictum
1352 5082 1500 5138 struximum
1520 5079 1671 5136 adinvenit.
1699 5075 1735 5130 iit

86 5163 170 5220 rrrnda
181 5167 340 5234 virtutihus,
356 5167 450 5226 habuit
461 5168 488 5225 in
499 5186 529 5226 sc
544 5171 594 5226 tros
607 5171 712 5242 lapides
725 5175 881 5244 pretiosos:
935 5179 1089 5252 negotiator
1104 5184 1216 5249 propter
1230 5174 1432 5231 multitudinem
1447 5179 1623 5244 pcccatorum
1637 5167 1733 5238 appel·

87 5256 112 5311 id
131 5269 185 5322 est,
200 5260 370 5331 patriarchas
384 5271 413 5319 ει
426 5261 584 5334 prophetas,
600 5273 630 5321 et
650 5281 758 5322 omnem
772 5277 883 5324 sancto-
934 5274 1007 5331 latus
1018 5281 1075 5338 est,
1086 5286 1148 5344 qua.-
1160 5271 1219 5326 sine
1231 5270 1266 5325 ad
1279 5283 1310 5326 se
1324 5268 1430 5340 ipsum,
1445 5266 1503 5322 siue
1516 5264 1551 5321 ad
1565 5259 1735 5335 perdendum

88 5365 145 5408 rurn
162 5354 373 5412 multitudinem.
395 5355 484 5414 Locus
496 5357 619 5430 sapphiri
643 5359 748 5432 lapides
762 5361 839 5433 eiius,
854 5373 884 5421 et
935 5367 1077 5424 horarinem
1092 5365 1249 5437 exquisivit.
1263 5364 1310 5420 isti
1325 5363 1409 5436 igituir
1422 5359 1613 5434 promissionis
1632 5366 1736 5413 terram

86 5447 171 5518 gleba
186 5449 243 5521 ejus
258 5465 370 5508 astrum.
391 5451 492 5511 Glehas
516 5462 620 5510 sancta
634 5463 714 5511 terras
736 5456 882 5528 Ecclesiae,
934 5475 995 5531 quse
1011 5458 1183 5524 mansuetis,
1198 5465 1225 5513 et
1240 5455 1325 5512 corde
1347 5454 1497 5510 bnsudihus
1518 5460 1690 5515 reservatur,
1706 5455 1737 5503 ut

86 5551 196 5599 sanctos
208 5544 268 5616 elus
285 5553 396 5616 propter
414 5547 608 5606 iocunditatem
619 5549 753 5607 bonorum
768 5567 881 5622 opernm
935 5554 962 5610 iu
973 5569 1007 5610 ea
1018 5552 1157 5617 habitent,
1172 5551 1282 5608 calcare
1293 5564 1346 5605 uon
1360 5556 1505 5620 poterunt,
1516 5547 1580 5617 quia
1593 5558 1645 5600 nec
1657 5540 1736 5614 utra-sl

85 5635 248 5706 appellarit,
271 5653 343 5710 quus
366 5639 449 5696 etiarn
465 5649 621 5714 etprupter
644 5644 793 5715 gratiarum
810 5645 881 5702 diui·
935 5647 1051 5712 incolae,
1078 5662 1126 5718 per
1147 5661 1207 5702 eam
1233 5643 1393 5701 transeundi
1417 5640 1561 5698 habehant
1583 5639 1735 5697 licentiam.

84 5730 191 5799 stanes,
216 5731 312 5803 pletas
324 5741 436 5789 sanctus
459 5732 580 5805 Spiritus
595 5737 683 5794 notuit
697 5753 856 5808 ιιιιιιειιρειε
874 5756 881 5796 :
934 5744 1000 5800 item
1024 5743 1106 5798 aliter
1120 5759 1128 5797 ι
1144 5741 1208 5797 ilaec
1224 5741 1307 5813 ιριιιιι
1319 5738 1433 5805 tudma,
1449 5737 1496 5794 ειιι
1512 5735 1647 5807 hispanis
1669 5732 1738 5789 doc·

83 5837 136 5896 qno
162 5819 222 5881 artri
247 5825 347 5882 merito
365 5835 554 5901 censerentur,
581 5831 609 5888 ιιι
624 5846 741 5904 (ριειιιιιι
764 5833 880 5892 occultis
934 5835 1014 5894 tunae
1036 5833 1256 5892 ministrantibus
1280 5831 1439 5906 prophetis,
1466 5837 1496 5885 et
1518 5825 1728 5894 sacerdotibus,
