4000 6334
231 288 300 359 iim
630 296 804 360 teruuuttt
825 304 870 361 ttn
889 300 1011 363 muttit
1030 298 1208 363 sernuutt
1227 302 1258 361 s.
1279 298 1484 359 attenuarat.
1813 300 1885 358 ttae

230 416 261 473 st
273 416 300 473 in
311 416 431 485 deserto,
441 416 604 489 scorpiouet
616 426 681 471 sunt
693 434 701 467 a
713 416 737 473 si
748 416 776 472 in
785 416 953 485 ciuitatibus,
967 433 1032 473 ocu·
1045 418 1070 482 Α
1084 417 1154 473 meis
1168 417 1267 472 matida
1288 430 1343 471 me.
1363 412 1462 471 atiena
1474 412 1586 485 quidest
1608 422 1676 470 sunt
1691 422 1820 485 peceato,
1832 414 1883 471 scd

231 510 275 567 lus
287 512 443 569 meretricis
457 509 596 581 pernicies
611 520 652 565 eet
667 510 770 565 utimini
788 528 794 563 ι
810 511 833 565 si
847 512 874 567 in
888 510 971 576 mari,
987 510 1028 565 in·
1080 510 1143 581 quin
1157 509 1278 580 suscipio
1289 524 1320 565 ea
1332 508 1415 564 :dico
1426 510 1453 563 in
1463 508 1706 578 aiicnispeccutis,
1717 507 1803 563 Parce
1813 508 1883 564 miii

233 610 328 661 tronus
348 605 498 675 sipiritu.
516 602 684 659 iicccntnnia
706 604 822 677 mystice
842 604 951 673 loquor.
976 602 1031 659 Nee
1080 613 1162 659 serto
1181 614 1228 657 tuo
1245 620 1252 655 :
1267 601 1327 657 iine
1345 610 1437 657 autem
1459 616 1547 672 neure
1564 600 1639 657 dixit
1653 600 1791 670 Quoniam
1813 602 1884 658 dixit

231 698 305 755 euim
321 712 392 751 nttttc
408 696 560 765 pericnlum
581 704 624 751 cst
643 706 738 753 satttctn
758 696 818 753 uiro
839 711 855 751 a
876 696 1031 753 latronibus
1081 696 1214 767 propitctu
1231 714 1238 747 :
1254 694 1371 751 Pieceio
1385 693 1511 752 iiomirto.
1536 694 1597 751 Non
1610 695 1691 763 dixit,
1708 696 1817 765 Piaceo,
1831 697 1882 754 sed

229 786 364 859 interiici,
378 787 514 859 siquitem
527 797 663 861 tnurtyres
681 790 813 859 sattpuiue
828 806 877 845 sun
893 790 1029 845 uicerunt.
1080 787 1198 859 piaccio.
1213 787 1365 845 itineenim
1377 786 1452 858 quod
1464 786 1610 853 iaciemus
1621 800 1735 857 possunt
1744 802 1808 845 ease
1818 805 1883 859 pcr-

230 880 395 947 Convertere,
410 882 575 948 unt'uaunteu,
593 882 620 963 in
632 882 744 953 requiem
755 890 837 937 tuutn.
856 880 923 949 Qatt'tt
936 882 1029 937 iionti-
1081 881 1170 939 ieetue
1177 882 1280 953 justus.
1289 882 1438 955 Propterea
1451 882 1522 938 dicta
1531 890 1561 939 et
1572 882 1723 952 apiostolus
1734 901 1741 937 :
1751 882 1793 939 Ex
1803 892 1883 955 perte

230 974 417 1047 perterrefecit
432 973 571 1043 titione,
591 974 687 1045 innuit,
699 976 879 1045 connectaris,
892 992 908 1031 o
921 976 1031 1033 anicani
1081 977 1284 1047 cognoscimus,
1299 982 1328 1032 et
1340 990 1373 1031 ex
1388 986 1466 1047 porte
1478 973 1691 1046 prophetamus,
1705 986 1732 1031 ct
1747 990 1821 1031 nunc
1831 990 1883 1046 per

230 1064 259 1125 in
275 1056 444 1139 pecudisttm.
462 1068 520 1125 Non
538 1068 598 1140 quin
618 1071 699 1142 digna
714 1084 755 1139 cs,
773 1072 822 1127 sed
842 1073 1029 1129 misericordia
1080 1069 1225 1140 specuium
1239 1067 1364 1125 ridemus
1379 1070 1406 1125 iu
1418 1067 1670 1141 ettmmateiidor.
1681 1068 1755 1139 una).
1768 1068 1883 1140 Propte-

233 1162 341 1219 ttotntnt
362 1172 413 1219 eet.
428 1163 462 1221 Ut
479 1166 571 1220 exires
588 1164 622 1219 de
639 1166 779 1237 paradiso,
791 1178 837 1221 tuo
848 1166 917 1221 uitio
927 1166 1028 1223 iactum
1080 1176 1126 1217 rea
1138 1176 1210 1215 nunc
1220 1161 1302 1232 iongo
1314 1176 1441 1217 sermone
1453 1161 1497 1217 usi
1507 1175 1601 1217 sumus
1612 1162 1758 1233 :nunnioni
1770 1162 1795 1217 iti
1809 1176 1883 1233 praa-

231 1264 290 1323 est,
303 1268 332 1311 ut
344 1266 433 1313 autent
449 1257 563 1325 rcdcas,
582 1259 778 1315 misericordie
792 1259 902 1315 iioutini
919 1259 978 1313 tuit.
995 1258 1030 1315 itt
1080 1252 1154 1311 tenti
1168 1254 1270 1310 aucuia
1283 1257 1421 1325 pcrtectua
1431 1256 1523 1325 justus
1534 1270 1617 1311 nenio
1631 1271 1694 1311 ease
1708 1266 1816 1327 potest,
1832 1272 1883 1314 ue·

231 1362 280 1407 tros
297 1346 424 1409 dieamus
446 1354 545 1409 anintae
569 1362 669 1409 nostrae
689 1371 695 1405 :
712 1352 864 1409 doncertere
875 1354 902 1407 in
916 1352 1029 1424 requieta
1079 1363 1133 1417 otte
1148 1347 1243 1415 David,
1257 1362 1347 1417 necue
1358 1348 1485 1417 apostati,
1498 1348 1880 1428 nequealiquissuneturum.

230 1454 311 1500 ruant.
329 1446 447 1517 ttequtes
466 1455 577 1513 nostra,
591 1446 716 1503 ctutum
731 1456 772 1503 en
789 1448 860 1503 tteus
878 1455 982 1503 noster.
998 1446 1029 1505 st
1079 1440 1247 1497 Nemneuiu
1259 1439 1404 1495 mannetis
1421 1448 1546 1510 peccato,
1558 1440 1641 1497 necst
1655 1441 1737 1497 natm
1751 1440 1807 1497 diei
1818 1440 1881 1498 nte-

230 1538 341 1609 quando
352 1537 484 1595 fuerimus
495 1540 521 1595 in
537 1542 675 1610 angustia,
693 1550 721 1595 et
734 1540 851 1611 conpetit
864 1540 1025 1611 noaeopita·
1079 1534 1117 1591 rit
1130 1533 1186 1589 tito
1200 1534 1261 1606 ejus
1278 1532 1351 1606 (ici.
1369 1530 1430 1606 uu).
1447 1534 1589 1606 Siquidem
1609 1536 1727 1607 apostoli
1747 1545 1777 1593 et
1789 1538 1882 1593 sancti

229 1632 267 1687 tio
278 1632 418 1704 utptirorc
430 1633 457 1689 in
469 1642 621 1705 peecatum,
639 1636 763 1693 dieamus
779 1653 785 1689 :
801 1634 961 1701 Concurrere,
972 1636 1029 1689 uui·
1079 1645 1133 1687 non
1153 1630 1213 1685 ausi
1224 1638 1292 1685 sunt
1303 1629 1411 1696 dicere,
1424 1628 1518 1685 Sattcti
1532 1644 1651 1687 sumus:
1668 1646 1721 1687 uec
1739 1629 1798 1687 ausi
1815 1640 1883 1687 suat

229 1726 272 1779 nio
287 1738 352 1793 ritca,
364 1726 390 1780 in
404 1727 516 1795 repuicm
528 1735 610 1781 tunt.
1080 1721 1183 1789 dicere,
1195 1723 1294 1779 Placen
1305 1721 1370 1779 :scd
1382 1722 1560 1795 pieminiitd
1571 1723 1598 1778 in
1608 1721 1732 1779 iuturum
1742 1724 1883 1781 soiiieitus

266 1816 335 1885 Quia
349 1818 443 1889 eripuit
458 1818 573 1875 oninium
587 1834 671 1875 naemu
685 1820 717 1876 tie
735 1827 826 1875 merie.
845 1817 964 1875 Necdum
980 1834 1027 1877 re-
1042 1822 1130 1885 pest,
1145 1813 1180 1870 de
1194 1815 1334 1886 praeterito
1343 1814 1416 1885 quod
1431 1831 1485 1871 non
1499 1816 1575 1883 iecit,
1590 1815 1749 1873 confitetur.
1764 1814 1882 1871 Picaria

227 1912 277 1971 diit
291 1912 316 1969 in
335 1913 501 1982 paradisum,
521 1922 550 1971 et
562 1916 619 1987 lant
637 1928 667 1971 se
685 1915 714 1971 in
731 1916 904 1973 securitatem
922 1914 1027 1971 redisse
1080 1912 1212 1969 damino:
1225 1911 1275 1969 tttn
1291 1909 1583 1987 piaceituiiurepione
1593 1912 1719 1967 domm.
1730 1913 1882 1969 iiaeeeuiau

228 2005 307 2063 dicit.
322 2004 578 2077 tttxtacnnertere,
592 2011 680 2063 onimu
694 2024 761 2077 mea,
777 2010 804 2063 in
816 2010 929 2081 requiem
940 2018 1024 2077 tunm,
1078 2005 1156 2076 rcpio
1168 2013 1340 2063 mortuorum
1353 2015 1395 2061 est
1409 2005 1480 2063 :aiio
1494 2014 1539 2061 est
1555 2013 1627 2063 terra
1640 2006 1777 2061 uirorum.
1787 2004 1883 2077 Siqui-

229 2112 259 2158 et
271 2102 349 2174 quasi
364 2115 477 2159 secutus
492 2103 573 2171 dicit,
588 2104 650 2176 quia
663 2104 758 2177 eripuit
770 2104 884 2159 anirum
897 2120 980 2159 mmor
993 2104 1028 2159 da
1078 2098 1140 2157 mm
1154 2109 1185 2155 ct
1197 2097 1282 2155 Dauid
1294 2099 1321 2154 in
1335 2097 1390 2155 itae
1405 2106 1479 2154 terra
1493 2107 1566 2169 orat,
1581 2107 1609 2155 et
1622 2114 1688 2155 rere
1701 2100 1729 2155 in
1743 2108 1817 2155 terra
1831 2114 1881 2155 re-

229 2204 322 2251 morta.
342 2194 485 2263 Quomodo
503 2197 606 2266 eripuit
626 2198 744 2253 uitiatam
768 2210 856 2251 meam
877 2195 911 2252 de
925 2204 1026 2254 morte.
1078 2192 1280 2263 promissionis,
1293 2191 1413 2249 dicens:
1429 2189 1545 2247 Pinceio
1557 2190 1669 2248 iiomina
1682 2191 1711 2247 ia
1722 2193 1829 2264 regione
1842 2192 1883 2247 ai·

228 2287 285 2347 Pro
299 2302 343 2345 me
358 2303 455 2361 passus
469 2299 512 2346 eat
524 2289 595 2347 Deus
608 2302 695 2356 meua,
709 2298 758 2360 pttt
769 2304 813 2345 me
826 2288 974 2345 crttciitsus
984 2296 1027 2350 ost
1076 2302 1169 2343 aarum
1184 2303 1195 2343 .·
1208 2285 1358 2343 confitetur
1370 2285 1441 2341 hanc
1451 2286 1593 2357 regionem
1604 2300 1732 2343 oouesse
1741 2286 1881 2355 vinorum,

228 2382 300 2441 nem
313 2392 402 2451 mene,
412 2393 441 2441 et
450 2383 513 2441 dico
528 2404 535 2437 a
549 2384 659 2451 tinient,
675 2398 761 2450 mors,
775 2382 890 2439 uictoria
902 2391 946 2437 tua
958 2398 966 2450 ;
980 2380 1026 2437 uiri
1077 2377 1126 2434 scd
1139 2386 1323 2433 moratorum.
1342 2377 1432 2433 i'uitis
1445 2377 1516 2433 scire
1532 2392 1594 2448 qun
1607 2387 1651 2434 est
1670 2378 1719 2463 iila
1743 2379 1822 2449 rapio
1838 2380 1880 2433 ri·

227 2488 285 2547 est,
302 2476 420 2545 interne,
444 2478 573 2535 stimulus
594 2488 657 2535 ttius
681 2476 760 2552 (disee
775 2492 838 2545 sttt;
856 2475 944 2532 ider.
959 2474 1027 2548 urii
1077 2471 1193 2527 norunt
1205 2471 1337 2528 Dominus
1349 2469 1415 2525 dicit
1429 2472 1455 2525 iu
1467 2468 1617 2540 Etunpeiio
1628 2486 1637 2528 a
1649 2468 1879 2539 ecmannum,

229 2572 324 2629 Oreioi
340 2589 439 2629 tneoau
454 2574 587 2645 iacrymis.
599 2572 721 2640 Piorani,
736 2581 766 2626 ut
776 2571 877 2629 rideant
888 2589 897 2625 a
910 2569 982 2639 iuti,
997 2578 1028 2626 ttt
1077 2562 1149 2619 Deus
1161 2560 1249 2625 littae.
1262 2562 1333 2618 Deus
1345 2560 1442 2629 Jacob.
1455 2569 1484 2617 ei
1496 2570 1575 2617 etant
1584 2562 1684 2618 mertui
1695 2560 1774 2633 (Luc.
1785 2562 1877 2635 usur).

229 2666 257 2723 in
271 2668 470 2739 sempiternum
489 2666 631 2739 gaudeam.
648 2665 699 2735 Qut
714 2666 741 2722 in
757 2664 883 2737 praesenti
900 2678 953 2720 non
969 2663 1027 2735 pio·
1078 2656 1111 2711 Et
1123 2655 1185 2725 quid
1199 2654 1341 2727 affinitur?
1355 2653 1438 2720 Deus.
1452 2655 1550 2725 inquit,
1564 2668 1619 2709 non
1633 2662 1678 2710 est
1691 2664 1878 2725 mortuorum,

227 2770 285 2829 rot,
301 2761 327 2817 to
346 2762 437 2817 tuturo
452 2760 659 2833 tserpmattitur.
675 2759 752 2817 Beati
770 2759 842 2815 enim
859 2758 906 2829 qut
919 2758 1026 2828 tepent,
1076 2748 1124 2805 set
1139 2746 1368 2819 virorumisitur
1380 2746 1504 2817 ecjostns
1514 2746 1579 2817 qnid
1591 2746 1658 2802 dicit
1672 2766 1679 2799 τ
1695 2746 1809 2803 Puteo
1823 2746 1878 2801 Du

227 2856 290 2927 quia
308 2854 358 2926 ipsi
373 2854 591 2911 consotabuntur
601 2852 691 2927 (iistt.
709 2852 746 2925 a).
760 2851 924 2909 Eeontrario
934 2858 1026 2907 autera
1076 2839 1146 2897 mino
1158 2842 1186 2897 in
1199 2842 1305 2914 redivit
1314 2841 1442 2895 ”litim-
1453 2837 1484 2895 ¹¹¹
1496 2838 1607 2911 Γθῦῑθΰθ
1617 2838 1765 2909 dhrim,
1778 2838 1877 2909 1³²0,

122 2969 129 2979 ·
227 2947 329 3004 dicitur
344 2964 351 3001 a
367 2946 430 3002 Vari
448 2946 526 3003 uobis
546 2947 600 3017 qui„
610 2946 724 3013 ridetis,
743 2944 873 3015 quonium
888 2942 1025 3014 topatius.
1075 2942 1104 2991 et
1117 2933 1204 2991 iacob
1216 2933 1295 3008 (tm.
1317 2935 1386 3005 art).
1407 2933 1465 2991 Hoc
1477 2942 1536 3001 est,
1551 2932 1660 3005 quando
1674 2948 1739 2989 aere
1754 2932 1834 2990 tocco
1847 2933 1879 2989 in

228 3041 314 3099 Pedes
333 3058 431 3097 meets
448 3041 536 3114 tepea.
552 3042 619 3112 Quia
635 3056 689 3098 noe
709 3046 846 3098 cteoepunt
862 3040 946 3111 psum
968 3039 1026 3095 mci
1075 3030 1137 3085 sinu
1152 3028 1301 3097 incutiam,
1317 3036 1383 3083 tunc
1396 3027 1510 3094 piaccio
1523 3025 1648 3082 domino.

227 3146 312 3204 super
325 3140 444 3205 petram,
456 3145 601 3206 propterea
615 3145 685 3204 pene
699 3134 765 3190 tuoti
776 3143 841 3190 sunt
854 3132 939 3203 pedes
952 3120 1024 3199 mei,
1341 3141 1505 3200 psapptus
1522 3141 1605 3201 cxv,

227 3240 297 3297 pene
311 3226 392 3284 edusi
413 3235 478 3284 stunt
497 3243 608 3300 pressus
628 3230 691 3283 mci.
714 3227 837 3284 Liberati
858 3238 922 3283 sunt
940 3226 1025 3298 pedes
1038 3214 1063 3281 G
1077 3238 1202 3294 Attenia,
1215 3237 1293 3292 stunc
1307 3236 1441 3307 maiman
1456 3235 1551 3305 quinas
1566 3242 1595 3290 et
1616 3244 1695 3290 sexta
1714 3232 1799 3289 editio
1813 3248 1879 3289 mm

228 3322 281 3376 mei
295 3334 309 3375 a
324 3320 412 3392 tapso.
425 3320 534 3389 Quare?
544 3320 611 3389 ouria
623 3336 756 3378 conversa
768 3332 812 3378 est
824 3306 985 3377 animantea
997 3322 1025 3377 iu
1111 3310 1302 3380 fflieiiffl'ffi'i
1316 3308 1448 3377 ⁰⁰i¹¹¹²¹¹i
1462 3326 1469 3361 ²
1484 3304 1668 3380 Siffl¹¹¹²⁰¹¹¹¹⁵
1690 3320 1759 3361 '0¹⁰
1776 3312 1807 3361 0²
1826 3306 1881 3362 Se·

227 3414 350 3484 requiem
366 3428 453 3469 mm,
1113 3380 1253 3452 ptuogintu
1268 3382 1432 3451 interpretes
1446 3379 1583 3435 dividunt.

264 3502 378 3560 Pinario
390 3522 478 3563 corona
494 3507 606 3563 Domino
619 3510 645 3563 in
656 3510 759 3580 cepione
772 3509 896 3565 uirorum.
911 3506 1025 3577 Videor,
1111 3518 1228 3582 Credidi,
1240 3526 1345 3591 propter
1354 3517 1423 3589 qued
1435 3518 1537 3573 iocatus
1546 3516 1650 3571 sumtu
1661 3514 1800 3571 thomice
1811 3528 1881 3569 ecn-

229 3598 324 3669 inquit,
341 3598 499 3655 itotninittus
511 3615 572 3657 case
585 3601 685 3671 justus,
698 3612 784 3672 otiare
795 3616 876 3672 npcm
890 3601 958 3657 tanna
970 3616 1025 3657 non
1077 3611 1190 3667 tacimus
1199 3610 1326 3666 decimus
1340 3618 1454 3679 poenus
1464 3607 1596 3679 psalmus,
1607 3616 1635 3663 ot
1648 3606 1880 3663 wttmimusde·

229 3691 335 3749 ituieoi
347 3692 450 3749 Videor
462 3694 616 3751 inminibus
631 3710 692 3751 esse
707 3704 830 3761 soricius,
844 3710 931 3768 quare
942 3696 1027 3753 verita
1078 3703 1165 3761 cimus
1177 3702 1300 3772 quintus,
1316 3715 1387 3757 naus
1400 3713 1443 3756 est
1458 3700 1590 3770 pseintua.
1607 3698 1691 3770 igitur
1704 3698 1778 3753 dixit
1793 3716 1801 3751 ε
1815 3699 1881 3754 Gre-

230 3786 300 3843 bona
315 3801 371 3842 non
388 3788 493 3845 natent
512 3788 577 3844 iimo
591 3788 677 3845 David
696 3790 762 3847 dicit
776 3806 784 3845 t
800 3788 853 3845 inno
872 3792 961 3845 sancti
982 3789 1027 3845 di·
1078 3796 1144 3859 didi.
1158 3804 1264 3867 prepter
1277 3793 1347 3864 pand
1359 3792 1460 3850 iocatus
1472 3808 1540 3847 sum.
1551 3790 1622 3859 Quid
1634 3790 1881 3861 credidistiitpueei

228 3889 309 3949 ount,
327 3880 379 3937 itoo
395 3882 513 3952 opostoii
534 3882 684 3954 innituntur
700 3901 706 3936 ι
723 3892 853 3954 peccator
875 3882 949 3939 anim
967 3882 1028 3941 utre
1058 3933 1061 3939 .
1078 3889 1184 3945 iocatus
1198 3888 1247 3943 esi
1260 3886 1387 3943 haimos
1399 3885 1475 3957 prior
1487 3887 1523 3941 ita
1536 3884 1879 3965 univitzrtscetioansm

229 3991 285 4031 non
307 3976 437 4048 loquitur.
454 3976 525 4045 puto
547 3978 668 4049 innuitur
686 3979 794 4050 jtisttrai
808 3980 875 4049 Quia
894 3980 978 4037 uerita
1000 3987 1030 4037 et
1078 3970 1195 4037 iiomino
1209 3981 1236 4035 in
1255 3981 1369 4050 regione
1389 3980 1525 4035 rivorum.
1543 3978 1615 4036 Dicit
1634 3995 1702 4050 ergo
1721 3978 1880 4050 proptera:

230 4082 312 4138 opera
326 4068 467 4125 euoenon
483 4070 583 4136 tntae,
600 4080 627 4125 et
642 4083 752 4125 sanictos
767 4071 870 4137 uideor,
886 4080 915 4127 et
931 4070 1029 4127 iaudor
1078 4074 1204 4142 Gmditti,
1223 4082 1330 4146 prepter
1353 4073 1424 4146 quoti
1443 4074 1545 4129 uectat
1561 4090 1630 4128 min.
1649 4071 1722 4143 Qatid
1751 4071 1880 4129 ventidii

149 4199 154 4207 ·
229 4162 265 4217 ab
278 4160 446 4219 itominiitua.
461 4164 518 4235 Ego
531 4175 622 4220 autem
637 4166 698 4221 utini
709 4165 909 4222 minacietttiant
925 4182 1027 4223 meam.
1078 4166 1212 4237 Quoniam
1220 4166 1336 4237 piaccio
1346 4165 1566 4221 eorarniiomiao
1575 4166 1603 4221 iu
1614 4166 1729 4237 reginam
1740 4164 1879 4220 virorum.

230 4253 293 4309 Soio
303 4254 432 4325 quietibus
442 4256 656 4327 cogitationibus
667 4272 715 4313 cor
725 4272 813 4315 meum
827 4258 941 4315 iiuctuut
953 4276 959 4312 :
971 4258 1030 4315 scio
1078 4262 1138 4319 iioc
1151 4262 1273 4327 credidi,
1289 4271 1317 4319 et
1330 4263 1382 4317 inite
1397 4263 1506 4319 ioeutns
1520 4276 1594 4317 sum.
1607 4260 1680 4329 Quid
1695 4271 1787 4317 auteur
1802 4260 1880 4315 tocu-

229 4358 339 4419 quuntn
352 4350 418 4405 mitt
431 4350 559 4408 libidines
570 4351 692 4421 ueniunt,
708 4360 738 4407 ct
750 4351 829 4409 rideo
843 4352 924 4409 aiian
941 4353 1029 4425 iegeta
1078 4364 1123 4414 tos
1137 4355 1220 4411 sueri
1234 4352 1294 4427 Epo
1316 4364 1405 4409 auten
1417 4352 1572 4409 hutiiiuttts
1592 4371 1651 4409 suat
1669 4353 1758 4408 raiatia
1771 4352 1798 4407 0
1818 4368 1880 4406 aaa·

230 4454 426 4514 repugnantem
441 4445 527 4503 utenti
542 4460 621 4515 meta,
635 4454 664 4503 et
675 4446 858 4516 capttirontem
875 4448 956 4505 mein
970 4449 1030 4521 iege
1078 4466 1132 4522 poa
1146 4450 1327 4521 inteiiipeatie
1341 4449 1429 4505 dirim
1456 4449 1608 4505 emonis!
1619 4446 1749 4513 Credidi,
1772 4445 1878 4517 iuquit.

231 4538 515 4609 pomeridianam:
530 4539 1026 4612 propteresttcomtteerepotmmo,
1080 4545 1209 4617 quomam
1228 4544 1348 4616 ptseeto
1369 4543 1501 4613 ummo,
1524 4544 1654 4614 quoniam
1675 4557 1725 4599 ero
1745 4540 1878 4613 nupeim

231 4629 293 4701 quis
304 4645 347 4686 me
361 4630 532 4688 titternbitde
546 4646 661 4703 corpore
674 4635 775 4689 mortis
788 4634 871 4705 nudus
883 4632 1028 4707 (iiidemii
1040 4612 1069 4675 ⁹
1080 4637 1213 4708 queniam
1223 4650 1272 4691 ero
1284 4635 1314 4690 iu
1324 4636 1415 4701 «uitta
1427 4646 1456 4691 ea
1469 4650 1524 4690 non
1537 4634 1575 4690 iai
1587 4634 1724 4704 supultus
1736 4652 1743 4688 :
1754 4650 1809 4689 non
1818 4648 1880 4689 statu

232 4722 419 4794 Etprnptcrca
430 4724 507 4781 dico:
519 4726 559 4781 titt
570 4726 764 4783 occuitismeis
775 4728 876 4783 munda
890 4744 944 4797 ate,
957 4730 1031 4785 etait
1080 4732 1187 4798 eistat,
1202 4730 1250 4786 sed
1263 4728 1428 4786 humiliatus
1448 4744 1510 4785 sam
1524 4730 1617 4787 nimis.
1630 4727 1768 4797 Quoniam
1783 4743 1832 4799 ero
1852 4728 1879 4781 ia

231 4814 328 4871 alienis
341 4825 424 4886 parce
437 4830 516 4873 servo
530 4824 576 4873 tuo
585 4816 673 4885 (Post.
687 4818 775 4892 uttttit
792 4820 832 4877 tn
846 4820 956 4877 olienis.
971 4820 1029 4877 Nou
1082 4826 1196 4897 cepione
1209 4826 1345 4891 uirorum,
1356 4824 1556 4880 misemcmme
1568 4823 1676 4879 nomm
1690 4832 1746 4879 est.
1760 4820 1818 4894 Epo
1831 4836 1882 4875 an·

229 4918 273 4964 est
288 4924 378 4965 meum
390 4910 462 4981 quod
479 4910 610 4979 parturio.
626 4909 696 4966 itoin
709 4913 832 4983 capitatae
846 4914 927 4980 ninia.
943 4924 1030 4971 etco·
1081 4926 1137 4974 tem
1150 4917 1216 4973 noui
1226 4918 1430 4988 mesietipsum,
1441 4918 1504 4988 puis
1519 4914 1881 4972 testamentario

229 5003 298 5075 pito.
310 5004 379 5060 Noto
390 5005 512 5077 cogitare
529 5006 644 5074 maium,
657 5018 684 5062 et
697 5009 776 5078 quasi
789 5008 888 5065 inritus
900 5017 928 5064 ct
941 5009 1030 5081 copti·
1083 5022 1177 5081 pict-cn
1192 5013 1254 5069 dico
1271 5031 1277 5066 ι
1293 5011 1352 5087 Epo
1367 5022 1453 5067 nutem
1467 5010 1621 5066 marmana
1635 5022 1694 5065 aum
1707 5012 1796 5065 mark.
1808 5010 1880 5077 onte

230 5110 282 5151 uus
296 5096 323 5151 in
339 5097 439 5153 maiatn
452 5097 650 5169 cogitationem
666 5098 771 5155 truitor.
787 5100 846 5157 Sed
856 5104 985 5172 quioniam
999 5102 1028 5157 in
1082 5120 1174 5167 autern
1187 5118 1231 5166 est
1243 5118 1315 5166 terra
1324 5120 1355 5164 ut
1366 5103 1457 5166 einis!

233 5202 290 5245 met
303 5198 439 5259 potestate
451 5206 504 5247 nnn
516 5204 570 5256 est,
584 5200 628 5245 not
641 5191 775 5262 nogium,
786 5200 897 5250 uttttton
908 5196 1031 5267 cogitare
1118 5202 1177 5276 Epo
1188 5202 1341 5258 immutet
1355 5204 1382 5257 in
1399 5212 1505 5257 messa
1516 5212 1575 5258 eaeo
1586 5214 1596 5257 .·
1608 5198 1705 5256 mnis
1720 5201 1879 5255 momen-

232 5297 293 5353 oute
307 5292 371 5339 suat
382 5284 454 5341 muta
473 5303 479 5338 ι
496 5294 639 5355 propterca
653 5285 952 5359 momenmentum
963 5296 1031 5348 stat
1080 5296 1144 5353 eoo.
1161 5289 1191 5352 in
1216 5296 1333 5353 iiebreo
1346 5296 1428 5353 aliter
1448 5291 1542 5352 dudm.
1567 5295 1623 5367 Epo
1643 5295 1701 5351 disi
1721 5297 1751 5349 in
1772 5310 1879 5351 cemes

231 5390 293 5448 qna
310 5378 422 5435 veniunt
434 5378 463 5434 in
478 5394 529 5435 our
547 5392 649 5435 ancum.
665 5378 720 5437 Sed
735 5382 863 5450 quioniam
885 5386 963 5455 quiesi
979 5400 1029 5441 ne*
1080 5406 1141 5447 paee
1155 5392 1269 5447 :uminis
1280 5392 1529 5446 remuneratorium
1540 5401 1550 5445 r
1562 5388 1634 5460 quod
1647 5388 1768 5444 dener·
1780 5402 1876 5443 sactu.

229 5470 344 5525 cessitas
357 5470 422 5527 ntiiti
436 5472 606 5543 imponitur:
620 5482 763 5543 propterea
777 5474 849 5539 dico,
863 5475 904 5531 Ab
914 5478 1030 5534 nemttts
1081 5484 1202 5543 macene
1214 5484 1370 5541 nominoio
1389 5484 1505 5556 regione
1524 5480 1648 5539 uiuorum
1662 5475 1736 5539 :aeti
1754 5490 1807 5552 epe
1821 5481 1870 5536 sei

266 5647 280 5677 ⁸
299 5637 428 5695 Notntnm
442 5638 610 5703 Martianmn,
629 5638 699 5695 itnno
717 5653 782 5694 mss.
795 5639 919 5697 codicum
933 5639 1029 5698 iectio-
1081 5660 1145 5701 com
1157 5646 1248 5718 prium
1262 5647 1341 5704 vocis
1352 5646 1495 5718 effluentia
1509 5658 1556 5708 m
1568 5662 1623 5709 aas.
1637 5645 1664 5701 id
1678 5655 1731 5713 est,
1743 5647 1807 5715 qaid
1821 5634 1865 5696 θ’»

230 5725 292 5765 nent
308 5725 369 5765 esse
390 5725 440 5779 pro
460 5708 574 5776 cinaei,
596 5722 645 5773 :aa
660 5710 731 5781 ottod
750 5711 814 5766 editi
834 5713 1024 5781 praetcrebant.
1081 5718 1098 5773 d
1137 5734 1172 5775 ne
1183 5718 1461 5777 effeceritdiotinnem
1475 5717 1622 5777 senumvel
1637 5717 1754 5785 nciam,
1766 5706 1864 5789 tegudo

231 5777 272 5836 iix
287 5796 341 5852 qno
359 5794 385 5835 ct
406 5780 738 5857 im'peritiaetructatnrcm
760 5784 794 5837 ita
807 5798 830 5840 tc
852 5786 957 5855 arguit,
980 5788 1027 5854 nni
1079 5797 1095 5851 2
1130 5786 1369 5863 impropriam.
1384 5788 1452 5847 tite
1465 5791 1574 5847 admon.
1592 5798 1726 5846 nostrum.

234 5852 356 5907 utttnaatu
380 5852 512 5923 aytutnn
533 5854 652 5911 nominis
669 5860 719 5916 :tta
738 5855 854 5928 wari,
874 5850 1029 5916 eonitdetit
