<?xml version="1.0" encoding="UTF-8"?>
<!DOCTYPE html PUBLIC "-//W3C//DTD XHTML 1.0 Transitional//EN"
    "http://www.w3.org/TR/xhtml1/DTD/xhtml1-transitional.dtd">
<html xmlns="http://www.w3.org/1999/xhtml" xml:lang="en" lang="en">
 <head>
  <title>
</title>
<meta http-equiv="Content-Type" content="text/html;charset=utf-8" />
  <meta name='ocr-system' content='tesseract 3.04.00' />
  <meta name='ocr-capabilities' content='ocr_page ocr_carea ocr_par ocr_line ocrx_word'/>
</head>
<body>
  <div class='ocr_page' id='page_1' title='image "./patrologiaecurs240unkngoog_0044.png"; bbox 0 0 4000 6334; ppageno 0'>
   <div class='ocr_carea' id='block_1_1' title="bbox 271 303 1912 374">
    <p class='ocr_par' dir='ltr' id='par_1_1' title="bbox 271 303 1912 374">
     <span class='ocr_line' id='line_1_1' title="bbox 271 303 1912 374; baseline 0.007 -12"><span class='ocrx_word' id='word_1_1' title='bbox 271 303 307 362; x_wconf 77' lang='lat' dir='ltr'><strong>ld</strong></span> <span class='ocrx_word' id='word_1_2' title='bbox 898 309 928 369; x_wconf 89' lang='lat' dir='ltr'><strong>S.</strong></span> <span class='ocrx_word' id='word_1_3' title='bbox 948 308 1084 370; x_wconf 77' lang='lat' dir='ltr'><strong>cassati</strong></span> <span class='ocrx_word' id='word_1_4' title='bbox 1102 308 1294 372; x_wconf 77' lang='lat' dir='ltr'><strong>luctantur</strong></span> <span class='ocrx_word' id='word_1_5' title='bbox 1881 317 1912 374; x_wconf 88' lang='lat' dir='ltr'><strong>ld</strong></span> 
     </span>
    </p>
   </div>
   <div class='ocr_carea' id='block_1_2' title="bbox 235 419 1985 5826">
    <p class='ocr_par' dir='ltr' id='par_1_2' title="bbox 270 419 1909 504">
     <span class='ocr_line' id='line_1_2' title="bbox 270 419 1909 504; baseline 0.003 -23"><span class='ocrx_word' id='word_1_6' title='bbox 270 421 473 495; x_wconf 75' lang='lat' dir='ltr'><strong>persecutionis</strong></span> <span class='ocrx_word' id='word_1_7' title='bbox 487 421 576 479; x_wconf 89' lang='lat' dir='ltr'><strong>daret.</strong></span> <span class='ocrx_word' id='word_1_8' title='bbox 592 419 708 480; x_wconf 89' lang='lat' dir='ltr'><strong>Undeet</strong></span> <span class='ocrx_word' id='word_1_9' title='bbox 720 421 850 494; x_wconf 87' lang='lat' dir='ltr'><strong>apostolis</strong></span> <span class='ocrx_word' id='word_1_10' title='bbox 873 436 937 484; x_wconf 84' lang='lat' dir='ltr'><strong>amc</strong></span> <span class='ocrx_word' id='word_1_11' title='bbox 959 428 1111 497; x_wconf 76' lang='lat' dir='ltr'><strong>passio-A</strong></span> <span class='ocrx_word' id='word_1_12' title='bbox 1156 428 1251 499; x_wconf 81' lang='lat' dir='ltr'><strong>(lere.</strong></span> <span class='ocrx_word' id='word_1_13' title='bbox 1264 429 1324 502; x_wconf 79' lang='grc'><strong>50.)</strong></span> <span class='ocrx_word' id='word_1_14' title='bbox 1343 426 1442 504; x_wconf 74' lang='lat' dir='ltr'><strong>lupum</strong></span> <span class='ocrx_word' id='word_1_15' title='bbox 1461 427 1533 485; x_wconf 83' lang='lat' dir='ltr'><strong>caiae</strong></span> <span class='ocrx_word' id='word_1_16' title='bbox 1556 441 1642 486; x_wconf 78' lang='lat' dir='ltr'><strong>matur</strong></span> <span class='ocrx_word' id='word_1_17' title='bbox 1656 425 1734 487; x_wconf 76' lang='lat' dir='ltr'><strong>suari</strong></span> <span class='ocrx_word' id='word_1_18' title='bbox 1754 433 1802 500; x_wconf 86' lang='lat' dir='ltr'><strong>ert,</strong></span> <span class='ocrx_word' id='word_1_19' title='bbox 1817 438 1909 486; x_wconf 78' lang='lat' dir='ltr'><strong>etauio</strong></span> 
     </span>
    </p>

    <p class='ocr_par' dir='ltr' id='par_1_3' title="bbox 274 514 1909 594">
     <span class='ocr_line' id='line_1_3' title="bbox 274 514 1909 594; baseline 0.004 -22"><span class='ocrx_word' id='word_1_20' title='bbox 274 531 338 574; x_wconf 86' lang='lat' dir='ltr'><strong>nem</strong></span> <span class='ocrx_word' id='word_1_21' title='bbox 354 514 484 588; x_wconf 82' lang='lat' dir='ltr'><strong>praecepit</strong></span> <span class='ocrx_word' id='word_1_22' title='bbox 496 535 504 573; x_wconf 75' lang='grc' dir='ltr'>ι</span> <span class='ocrx_word' id='word_1_23' title='bbox 518 515 553 572; x_wconf 88' lang='lat' dir='ltr'><strong>lrt</strong></span> <span class='ocrx_word' id='word_1_24' title='bbox 563 515 630 572; x_wconf 88' lang='lat' dir='ltr'><strong>aiam</strong></span> <span class='ocrx_word' id='word_1_25' title='bbox 642 517 757 590; x_wconf 70' lang='lat' dir='ltr'><strong>acatium</strong></span> <span class='ocrx_word' id='word_1_26' title='bbox 769 533 801 573; x_wconf 82' lang='lat' dir='ltr'><strong>rae</strong></span> <span class='ocrx_word' id='word_1_27' title='bbox 818 517 945 589; x_wconf 83' lang='lat' dir='ltr'><strong>abieritis,</strong></span> <span class='ocrx_word' id='word_1_28' title='bbox 962 527 986 576; x_wconf 85' lang='lat' dir='ltr'><strong>at</strong></span> <span class='ocrx_word' id='word_1_29' title='bbox 995 522 1023 577; x_wconf 86' lang='lat' dir='ltr'><strong>ia</strong></span> <span class='ocrx_word' id='word_1_30' title='bbox 1034 521 1073 576; x_wconf 90' lang='lat' dir='ltr'><strong>ci·</strong></span> <span class='ocrx_word' id='word_1_31' title='bbox 1122 536 1207 576; x_wconf 85' lang='lat' dir='ltr'><strong>meam</strong></span> <span class='ocrx_word' id='word_1_32' title='bbox 1219 528 1273 579; x_wconf 86' lang='lat' dir='ltr'><strong>teoe</strong></span> <span class='ocrx_word' id='word_1_33' title='bbox 1286 533 1335 578; x_wconf 85' lang='lat' dir='ltr'><strong>eat.</strong></span> <span class='ocrx_word' id='word_1_34' title='bbox 1362 521 1507 591; x_wconf 82' lang='lat' dir='ltr'><strong>Quomodo</strong></span> <span class='ocrx_word' id='word_1_35' title='bbox 1530 522 1617 579; x_wconf 83' lang='lat' dir='ltr'><strong>levius</strong></span> <span class='ocrx_word' id='word_1_36' title='bbox 1643 523 1716 594; x_wconf 71' lang='lat' dir='ltr'><strong>Lego</strong></span> <span class='ocrx_word' id='word_1_37' title='bbox 1729 523 1909 593; x_wconf 76' lang='lat' dir='ltr'><strong>Euangelium,</strong></span> 
     </span>
    </p>

    <p class='ocr_par' dir='ltr' id='par_1_4' title="bbox 264 612 1985 1436">
     <span class='ocr_line' id='line_1_4' title="bbox 269 612 1984 689; baseline 0.004 -21"><span class='ocrx_word' id='word_1_38' title='bbox 269 613 360 669; x_wconf 85' lang='lat' dir='ltr'><strong>citater</strong></span> <span class='ocrx_word' id='word_1_39' title='bbox 382 612 611 672; x_wconf 80' lang='lat' dir='ltr'><strong>Sotnoritatrorum</strong></span> <span class='ocrx_word' id='word_1_40' title='bbox 625 628 658 668; x_wconf 88' lang='lat' dir='ltr'><strong>ne</strong></span> <span class='ocrx_word' id='word_1_41' title='bbox 682 613 839 671; x_wconf 85' lang='lat' dir='ltr'><strong>iatroueritit</strong></span> <span class='ocrx_word' id='word_1_42' title='bbox 860 613 961 689; x_wconf 82' lang='lat' dir='ltr'><strong>(Sapra</strong></span> <span class='ocrx_word' id='word_1_43' title='bbox 985 629 1014 685; x_wconf 81' lang='lat' dir='ltr'><strong>x,</strong></span> <span class='ocrx_word' id='word_1_44' title='bbox 1029 615 1070 688; x_wconf 79' lang='lat' dir='ltr'><strong>d).</strong></span> <span class='ocrx_word' id='word_1_45' title='bbox 1121 626 1185 670; x_wconf 86' lang='lat' dir='ltr'><strong>cum</strong></span> <span class='ocrx_word' id='word_1_46' title='bbox 1196 613 1224 671; x_wconf 89' lang='lat' dir='ltr'><strong>in</strong></span> <span class='ocrx_word' id='word_1_47' title='bbox 1239 615 1313 686; x_wconf 70' lang='lat' dir='ltr'><strong>Lege</strong></span> <span class='ocrx_word' id='word_1_48' title='bbox 1327 615 1516 686; x_wconf 77' lang='lat' dir='ltr'><strong>homicidium,</strong></span> <span class='ocrx_word' id='word_1_49' title='bbox 1538 617 1567 673; x_wconf 90' lang='lat' dir='ltr'><strong>in</strong></span> <span class='ocrx_word' id='word_1_50' title='bbox 1581 615 1733 688; x_wconf 71' lang='lat' dir='ltr'><strong>Euarraelio</strong></span> <span class='ocrx_word' id='word_1_51' title='bbox 1748 617 1787 671; x_wconf 89' lang='lat' dir='ltr'><strong>ira</strong></span> <span class='ocrx_word' id='word_1_52' title='bbox 1806 615 1910 674; x_wconf 88' lang='lat' dir='ltr'><strong>damne-</strong></span> <span class='ocrx_word' id='word_1_53' title='bbox 1983 618 1984 675; x_wconf 67' lang='lat' dir='ltr'><strong>i</strong></span> 
     </span>
     <span class='ocr_line' id='line_1_5' title="bbox 272 703 1984 781; baseline 0.003 -19"><span class='ocrx_word' id='word_1_54' title='bbox 272 705 428 764; x_wconf 78' lang='lat' dir='ltr'><strong>chorozain</strong></span> <span class='ocrx_word' id='word_1_55' title='bbox 452 704 535 778; x_wconf 71' lang='lat' dir='ltr'><strong>igitur</strong></span> <span class='ocrx_word' id='word_1_56' title='bbox 562 713 590 762; x_wconf 90' lang='lat' dir='ltr'><strong>et</strong></span> <span class='ocrx_word' id='word_1_57' title='bbox 616 703 761 763; x_wconf 75' lang='lat' dir='ltr'><strong>Bethsaida</strong></span> <span class='ocrx_word' id='word_1_58' title='bbox 782 705 972 777; x_wconf 77' lang='lat' dir='ltr'><strong>damnamur,</strong></span> <span class='ocrx_word' id='word_1_59' title='bbox 997 708 1070 780; x_wconf 83' lang='lat' dir='ltr'><strong>quod</strong></span> <span class='ocrx_word' id='word_1_60' title='bbox 1121 705 1259 775; x_wconf 81' lang='lat' dir='ltr'><strong>turiQua</strong></span> <span class='ocrx_word' id='word_1_61' title='bbox 1280 709 1389 765; x_wconf 85' lang='lat' dir='ltr'><strong>ratione</strong></span> <span class='ocrx_word' id='word_1_62' title='bbox 1410 707 1553 781; x_wconf 72' lang='lat' dir='ltr'><strong>Evangelii</strong></span> <span class='ocrx_word' id='word_1_63' title='bbox 1577 707 1664 780; x_wconf 80' lang='lat' dir='ltr'><strong>gratia</strong></span> <span class='ocrx_word' id='word_1_64' title='bbox 1686 707 1804 776; x_wconf 78' lang='lat' dir='ltr'><strong>facilior,</strong></span> <span class='ocrx_word' id='word_1_65' title='bbox 1815 723 1875 766; x_wconf 89' lang='lat' dir='ltr'><strong>curn</strong></span> <span class='ocrx_word' id='word_1_66' title='bbox 1885 711 1909 767; x_wconf 90' lang='lat' dir='ltr'><strong>in</strong></span> <span class='ocrx_word' id='word_1_67' title='bbox 1983 732 1984 735; x_wconf 41' lang='lat'>¹</span> 
     </span>
     <span class='ocr_line' id='line_1_6' title="bbox 270 798 1984 874; baseline 0.002 -18"><span class='ocrx_word' id='word_1_68' title='bbox 270 799 529 870; x_wconf 82' lang='lat' dir='ltr'><strong>presentiuoroiao</strong></span> <span class='ocrx_word' id='word_1_69' title='bbox 543 798 969 874; x_wconf 75' lang='lat' dir='ltr'><strong>crederenoluerunt.l&#39;yruset</strong></span> <span class='ocrx_word' id='word_1_70' title='bbox 984 801 1069 858; x_wconf 86' lang='lat' dir='ltr'><strong>Sidon</strong></span> <span class='ocrx_word' id='word_1_71' title='bbox 1121 800 1194 874; x_wconf 68' lang='lat' dir='ltr'><strong>Lege</strong></span> <span class='ocrx_word' id='word_1_72' title='bbox 1215 800 1390 868; x_wconf 77' lang='lat' dir='ltr'><strong>adulterium,</strong></span> <span class='ocrx_word' id='word_1_73' title='bbox 1413 800 1609 873; x_wconf 71' lang='lat' dir='ltr'><strong>iollranpclio</strong></span> <span class='ocrx_word' id='word_1_74' title='bbox 1628 801 1849 873; x_wconf 86' lang='lat' dir='ltr'><strong>concupiscentia</strong></span> <span class='ocrx_word' id='word_1_75' title='bbox 1865 816 1910 873; x_wconf 92' lang='lat' dir='ltr'><strong>pu·</strong></span> <span class='ocrx_word' id='word_1_76' title='bbox 1983 806 1984 871; x_wconf 62' lang='grc' dir='ltr'>ξ</span> 
     </span>
     <span class='ocr_line' id='line_1_7' title="bbox 268 892 1911 968; baseline 0.002 -20"><span class='ocrx_word' id='word_1_77' title='bbox 268 893 466 965; x_wconf 80' lang='lat' dir='ltr'><strong>justificantur,</strong></span> <span class='ocrx_word' id='word_1_78' title='bbox 486 892 559 966; x_wconf 86' lang='lat' dir='ltr'><strong>quod</strong></span> <span class='ocrx_word' id='word_1_79' title='bbox 576 893 708 967; x_wconf 88' lang='lat' dir='ltr'><strong>apostolis</strong></span> <span class='ocrx_word' id='word_1_80' title='bbox 721 893 796 950; x_wconf 88' lang='lat' dir='ltr'><strong>illius</strong></span> <span class='ocrx_word' id='word_1_81' title='bbox 810 893 996 951; x_wconf 88' lang='lat' dir='ltr'><strong>crediderunt.</strong></span> <span class='ocrx_word' id='word_1_82' title='bbox 1008 893 1068 950; x_wconf 85' lang='lat' dir='ltr'><strong>Non</strong></span> <span class='ocrx_word' id='word_1_83' title='bbox 1120 894 1234 951; x_wconf 88' lang='lat' dir='ltr'><strong>niaturl</strong></span> <span class='ocrx_word' id='word_1_84' title='bbox 1251 893 1366 965; x_wconf 73' lang='lat' dir='ltr'><strong>librae</strong></span> <span class='ocrx_word' id='word_1_85' title='bbox 1389 893 1712 968; x_wconf 79' lang='lat' dir='ltr'><strong>mutrapracepuruat,</strong></span> <span class='ocrx_word' id='word_1_86' title='bbox 1727 909 1788 968; x_wconf 79' lang='lat' dir='ltr'><strong>qua</strong></span> <span class='ocrx_word' id='word_1_87' title='bbox 1800 894 1911 966; x_wconf 79' lang='lat' dir='ltr'><strong>Apurio-</strong></span> 
     </span>
     <span class='ocr_line' id='line_1_8' title="bbox 267 986 1985 1060; baseline 0.002 -18"><span class='ocrx_word' id='word_1_88' title='bbox 267 999 376 1059; x_wconf 85' lang='lat' dir='ltr'><strong>quaeras</strong></span> <span class='ocrx_word' id='word_1_89' title='bbox 388 995 520 1058; x_wconf 89' lang='lat' dir='ltr'><strong>tempora,</strong></span> <span class='ocrx_word' id='word_1_90' title='bbox 541 986 781 1044; x_wconf 85' lang='lat' dir='ltr'><strong>cumoredentium</strong></span> <span class='ocrx_word' id='word_1_91' title='bbox 794 987 926 1044; x_wconf 86' lang='lat' dir='ltr'><strong>iirtuearis</strong></span> <span class='ocrx_word' id='word_1_92' title='bbox 938 987 1066 1044; x_wconf 88' lang='lat' dir='ltr'><strong>salutem.</strong></span> <span class='ocrx_word' id='word_1_93' title='bbox 1119 986 1163 1042; x_wconf 89' lang='lat' dir='ltr'><strong>lua</strong></span> <span class='ocrx_word' id='word_1_94' title='bbox 1178 999 1232 1043; x_wconf 90' lang='lat' dir='ltr'><strong>noo</strong></span> <span class='ocrx_word' id='word_1_95' title='bbox 1248 1000 1329 1058; x_wconf 86' lang='lat' dir='ltr'><strong>posse</strong></span> <span class='ocrx_word' id='word_1_96' title='bbox 1340 986 1474 1058; x_wconf 86' lang='lat' dir='ltr'><strong>compleri</strong></span> <span class='ocrx_word' id='word_1_97' title='bbox 1489 986 1650 1059; x_wconf 77' lang='lat' dir='ltr'><strong>planissima</strong></span> <span class='ocrx_word' id='word_1_98' title='bbox 1670 987 1753 1044; x_wconf 86' lang='lat' dir='ltr'><strong>docet</strong></span> <span class='ocrx_word' id='word_1_99' title='bbox 1771 987 1840 1060; x_wconf 75' lang='lat' dir='ltr'><strong>(Act.</strong></span> <span class='ocrx_word' id='word_1_100' title='bbox 1856 987 1909 1060; x_wconf 82' lang='lat' dir='ltr'><strong>ra).</strong></span> <span class='ocrx_word' id='word_1_101' title='bbox 1983 990 1985 1045; x_wconf 88' lang='lat' dir='ltr'><strong>l</strong></span> 
     </span>
     <span class='ocr_line' id='line_1_9' title="bbox 267 1078 1912 1156; baseline -0.002 -15"><span class='ocrx_word' id='word_1_102' title='bbox 267 1081 699 1156; x_wconf 80' lang='lat' dir='ltr'><strong>loGaplramaumautcm,t1oae</strong></span> <span class='ocrx_word' id='word_1_103' title='bbox 724 1080 1069 1154; x_wconf 85' lang='lat' dir='ltr'><strong>interpretaturoitlapai·</strong></span> <span class='ocrx_word' id='word_1_104' title='bbox 1118 1078 1149 1135; x_wconf 90' lang='lat' dir='ltr'><strong>lo</strong></span> <span class='ocrx_word' id='word_1_105' title='bbox 1169 1079 1243 1152; x_wconf 69' lang='lat' dir='ltr'><strong>Lege</strong></span> <span class='ocrx_word' id='word_1_106' title='bbox 1264 1093 1349 1152; x_wconf 86' lang='lat' dir='ltr'><strong>opaca</strong></span> <span class='ocrx_word' id='word_1_107' title='bbox 1370 1081 1558 1153; x_wconf 79' lang='lat' dir='ltr'><strong>requiruntur,</strong></span> <span class='ocrx_word' id='word_1_108' title='bbox 1573 1097 1637 1152; x_wconf 81' lang='lat' dir='ltr'><strong>oure</strong></span> <span class='ocrx_word' id='word_1_109' title='bbox 1655 1081 1703 1153; x_wconf 83' lang='lat' dir='ltr'><strong>qui</strong></span> <span class='ocrx_word' id='word_1_110' title='bbox 1723 1079 1829 1152; x_wconf 85' lang='lat' dir='ltr'><strong>lecerit,</strong></span> <span class='ocrx_word' id='word_1_111' title='bbox 1844 1082 1912 1138; x_wconf 76' lang='lat' dir='ltr'><strong>rivet</strong></span> 
     </span>
     <span class='ocr_line' id='line_1_10' title="bbox 266 1170 1984 1246; baseline -0.002 -16"><span class='ocrx_word' id='word_1_112' title='bbox 266 1176 407 1246; x_wconf 76' lang='lat' dir='ltr'><strong>cherrima,</strong></span> <span class='ocrx_word' id='word_1_113' title='bbox 424 1175 622 1234; x_wconf 86' lang='lat' dir='ltr'><strong>condemnatur</strong></span> <span class='ocrx_word' id='word_1_114' title='bbox 637 1173 776 1232; x_wconf 88' lang='lat' dir='ltr'><strong>incredula</strong></span> <span class='ocrx_word' id='word_1_115' title='bbox 790 1175 953 1244; x_wconf 82' lang='lat' dir='ltr'><strong>ternariam,</strong></span> <span class='ocrx_word' id='word_1_116' title='bbox 970 1174 1067 1232; x_wconf 90' lang='lat' dir='ltr'><strong>cuidi·</strong></span> <span class='ocrx_word' id='word_1_117' title='bbox 1118 1170 1173 1246; x_wconf 78' lang='grc'><strong>75</strong></span> <span class='ocrx_word' id='word_1_118' title='bbox 1196 1171 1225 1228; x_wconf 94' lang='lat' dir='ltr'><strong>in</strong></span> <span class='ocrx_word' id='word_1_119' title='bbox 1250 1171 1302 1230; x_wconf 87' lang='lat' dir='ltr'><strong>air.</strong></span> <span class='ocrx_word' id='word_1_120' title='bbox 1322 1171 1352 1228; x_wconf 92' lang='lat' dir='ltr'><strong>ln</strong></span> <span class='ocrx_word' id='word_1_121' title='bbox 1369 1172 1519 1246; x_wconf 69' lang='lat' dir='ltr'><strong>Evangelio</strong></span> <span class='ocrx_word' id='word_1_122' title='bbox 1533 1174 1660 1231; x_wconf 82' lang='lat' dir='ltr'><strong>uoluntas</strong></span> <span class='ocrx_word' id='word_1_123' title='bbox 1675 1174 1832 1245; x_wconf 75' lang='lat' dir='ltr'><strong>quaritur:</strong></span> <span class='ocrx_word' id='word_1_124' title='bbox 1853 1188 1910 1246; x_wconf 74' lang='lat' dir='ltr'><strong>atra</strong></span> <span class='ocrx_word' id='word_1_125' title='bbox 1983 1172 1984 1227; x_wconf 61' lang='grc' dir='ltr'>ζ</span> 
     </span>
     <span class='ocr_line' id='line_1_11' title="bbox 264 1264 1984 1342; baseline -0.002 -15"><span class='ocrx_word' id='word_1_126' title='bbox 264 1271 337 1327; x_wconf 90' lang='lat' dir='ltr'><strong>citur</strong></span> <span class='ocrx_word' id='word_1_127' title='bbox 349 1285 399 1342; x_wconf 89' lang='lat' dir='ltr'><strong>per</strong></span> <span class='ocrx_word' id='word_1_128' title='bbox 412 1270 585 1328; x_wconf 79' lang='lat' dir='ltr'><strong>Ezechielem</strong></span> <span class='ocrx_word' id='word_1_129' title='bbox 599 1289 605 1325; x_wconf 92' lang='lat'>:</span> <span class='ocrx_word' id='word_1_130' title='bbox 618 1268 771 1342; x_wconf 69' lang='lat' dir='ltr'><strong>laetificata</strong></span> <span class='ocrx_word' id='word_1_131' title='bbox 788 1281 827 1328; x_wconf 82' lang='lat' dir='ltr'><strong>att</strong></span> <span class='ocrx_word' id='word_1_132' title='bbox 845 1270 964 1329; x_wconf 85' lang='lat' dir='ltr'><strong>Sodoma</strong></span> <span class='ocrx_word' id='word_1_133' title='bbox 988 1285 1021 1326; x_wconf 83' lang='lat' dir='ltr'><strong>ea</strong></span> <span class='ocrx_word' id='word_1_134' title='bbox 1044 1277 1069 1325; x_wconf 88' lang='lat' dir='ltr'><strong>te</strong></span> <span class='ocrx_word' id='word_1_135' title='bbox 1118 1264 1228 1322; x_wconf 86' lang='lat' dir='ltr'><strong>etiamsi</strong></span> <span class='ocrx_word' id='word_1_136' title='bbox 1241 1265 1369 1323; x_wconf 80' lang='lat' dir='ltr'><strong>effectum</strong></span> <span class='ocrx_word' id='word_1_137' title='bbox 1382 1281 1437 1324; x_wconf 88' lang='lat' dir='ltr'><strong>noo</strong></span> <span class='ocrx_word' id='word_1_138' title='bbox 1452 1266 1591 1336; x_wconf 84' lang='lat' dir='ltr'><strong>babuerit,</strong></span> <span class='ocrx_word' id='word_1_139' title='bbox 1602 1276 1693 1324; x_wconf 74' lang='lat' dir='ltr'><strong>taram</strong></span> <span class='ocrx_word' id='word_1_140' title='bbox 1708 1269 1849 1340; x_wconf 84' lang='lat' dir='ltr'><strong>praemium</strong></span> <span class='ocrx_word' id='word_1_141' title='bbox 1859 1284 1910 1324; x_wconf 93' lang='lat' dir='ltr'><strong>non</strong></span> <span class='ocrx_word' id='word_1_142' title='bbox 1983 1290 1984 1295; x_wconf 44' lang='lat'>¹</span> 
     </span>
     <span class='ocr_line' id='line_1_12' title="bbox 266 1354 1984 1436; baseline 0.002 -18"><span class='ocrx_word' id='word_1_143' title='bbox 266 1362 379 1435; x_wconf 73' lang='lat' dir='ltr'><strong>(licead.</strong></span> <span class='ocrx_word' id='word_1_144' title='bbox 394 1379 452 1431; x_wconf 74' lang='grc' dir='ltr'>ιιι,</span> <span class='ocrx_word' id='word_1_145' title='bbox 468 1363 527 1436; x_wconf 78' lang='lat' dir='ltr'><strong>cc).</strong></span> <span class='ocrx_word' id='word_1_146' title='bbox 1117 1358 1230 1416; x_wconf 83' lang='lat' dir='ltr'><strong>amittit.</strong></span> <span class='ocrx_word' id='word_1_147' title='bbox 1242 1358 1424 1433; x_wconf 71' lang='lat' dir='ltr'><strong>Euangelium</strong></span> <span class='ocrx_word' id='word_1_148' title='bbox 1438 1376 1471 1418; x_wconf 88' lang='lat' dir='ltr'><strong>ca</strong></span> <span class='ocrx_word' id='word_1_149' title='bbox 1486 1361 1685 1434; x_wconf 77' lang='lat' dir='ltr'><strong>praecipitque</strong></span> <span class='ocrx_word' id='word_1_150' title='bbox 1697 1375 1843 1433; x_wconf 85' lang='lat' dir='ltr'><strong>postumus</strong></span> <span class='ocrx_word' id='word_1_151' title='bbox 1857 1379 1864 1415; x_wconf 73' lang='grc' dir='ltr'>ι</span> <span class='ocrx_word' id='word_1_152' title='bbox 1878 1377 1910 1418; x_wconf 91' lang='lat' dir='ltr'><strong>nc</strong></span> <span class='ocrx_word' id='word_1_153' title='bbox 1983 1354 1984 1421; x_wconf 70' lang='grc' dir='ltr'>ξ</span> 
     </span>
    </p>

    <p class='ocr_par' dir='ltr' id='par_1_5' title="bbox 255 1432 1984 2371">
     <span class='ocr_line' id='line_1_13' title="bbox 300 1432 1984 1532; baseline -0.002 -17"><span class='ocrx_word' id='word_1_154' title='bbox 300 1458 392 1530; x_wconf 81' lang='lat' dir='ltr'><strong>(lura.</strong></span> <span class='ocrx_word' id='word_1_155' title='bbox 403 1458 506 1531; x_wconf 61' lang='lat' dir='ltr'><strong>25.)st</strong></span> <span class='ocrx_word' id='word_1_156' title='bbox 520 1458 700 1532; x_wconf 80' lang='lat' dir='ltr'><strong>illotcmporc,</strong></span> <span class='ocrx_word' id='word_1_157' title='bbox 713 1457 969 1532; x_wconf 80' lang='lat' dir='ltr'><strong>retpocdmrlrrur,</strong></span> <span class='ocrx_word' id='word_1_158' title='bbox 981 1459 1067 1515; x_wconf 79' lang='lat' dir='ltr'><strong>dicit:</strong></span> <span class='ocrx_word' id='word_1_159' title='bbox 1116 1454 1227 1513; x_wconf 83' lang='lat' dir='ltr'><strong>scilicet</strong></span> <span class='ocrx_word' id='word_1_160' title='bbox 1236 1457 1465 1528; x_wconf 87' lang='lat' dir='ltr'><strong>concupiscamus</strong></span> <span class='ocrx_word' id='word_1_161' title='bbox 1479 1473 1486 1512; x_wconf 83' lang='grc' dir='ltr'>ι</span> <span class='ocrx_word' id='word_1_162' title='bbox 1503 1455 1556 1514; x_wconf 85' lang='lat' dir='ltr'><strong>boc</strong></span> <span class='ocrx_word' id='word_1_163' title='bbox 1570 1457 1598 1514; x_wconf 88' lang='lat' dir='ltr'><strong>ia</strong></span> <span class='ocrx_word' id='word_1_164' title='bbox 1613 1457 1728 1514; x_wconf 88' lang='lat' dir='ltr'><strong>arbitrio</strong></span> <span class='ocrx_word' id='word_1_165' title='bbox 1747 1465 1843 1513; x_wconf 89' lang='lat' dir='ltr'><strong>nostro</strong></span> <span class='ocrx_word' id='word_1_166' title='bbox 1859 1467 1909 1514; x_wconf 85' lang='lat' dir='ltr'><strong>cst.</strong></span> <span class='ocrx_word' id='word_1_167' title='bbox 1983 1432 1984 1455; x_wconf 47' lang='lat'>¹</span> 
     </span>
     <span class='ocr_line' id='line_1_14' title="bbox 260 1547 1909 1623; baseline -0.002 -15"><span class='ocrx_word' id='word_1_168' title='bbox 260 1552 417 1623; x_wconf 63' lang='lat' dir='ltr'><strong>Caripetam,</strong></span> <span class='ocrx_word' id='word_1_169' title='bbox 435 1554 490 1620; x_wconf 86' lang='lat' dir='ltr'><strong>rili,</strong></span> <span class='ocrx_word' id='word_1_170' title='bbox 517 1551 608 1622; x_wconf 85' lang='lat' dir='ltr'><strong>Pater,</strong></span> <span class='ocrx_word' id='word_1_171' title='bbox 632 1552 745 1608; x_wconf 75' lang='lat' dir='ltr'><strong>domine</strong></span> <span class='ocrx_word' id='word_1_172' title='bbox 766 1551 823 1609; x_wconf 83' lang='lat' dir='ltr'><strong>coeli</strong></span> <span class='ocrx_word' id='word_1_173' title='bbox 850 1562 875 1608; x_wconf 90' lang='lat' dir='ltr'><strong>et</strong></span> <span class='ocrx_word' id='word_1_174' title='bbox 894 1559 978 1610; x_wconf 78' lang='lat' dir='ltr'><strong>terre.</strong></span> <span class='ocrx_word' id='word_1_175' title='bbox 994 1552 1067 1610; x_wconf 77' lang='lat' dir='ltr'><strong>lion·</strong></span> <span class='ocrx_word' id='word_1_176' title='bbox 1116 1547 1173 1607; x_wconf 77' lang='lat' dir='ltr'><strong>ber</strong></span> <span class='ocrx_word' id='word_1_177' title='bbox 1197 1562 1259 1605; x_wconf 90' lang='lat' dir='ltr'><strong>cum</strong></span> <span class='ocrx_word' id='word_1_178' title='bbox 1287 1549 1454 1607; x_wconf 79' lang='lat' dir='ltr'><strong>voluntatem</strong></span> <span class='ocrx_word' id='word_1_179' title='bbox 1479 1564 1535 1608; x_wconf 89' lang='lat' dir='ltr'><strong>non</strong></span> <span class='ocrx_word' id='word_1_180' title='bbox 1554 1549 1660 1621; x_wconf 88' lang='lat' dir='ltr'><strong>puniat,</strong></span> <span class='ocrx_word' id='word_1_181' title='bbox 1679 1549 1761 1620; x_wconf 89' lang='lat' dir='ltr'><strong>punit</strong></span> <span class='ocrx_word' id='word_1_182' title='bbox 1773 1547 1909 1614; x_wconf 84' lang='lat' dir='ltr'><strong>ellectum,</strong></span> 
     </span>
     <span class='ocr_line' id='line_1_15' title="bbox 259 1643 1908 1717; baseline 0 -17"><span class='ocrx_word' id='word_1_183' title='bbox 259 1644 357 1716; x_wconf 84' lang='lat' dir='ltr'><strong>lessio,</strong></span> <span class='ocrx_word' id='word_1_184' title='bbox 383 1659 438 1702; x_wconf 91' lang='lat' dir='ltr'><strong>non</strong></span> <span class='ocrx_word' id='word_1_185' title='bbox 451 1659 562 1716; x_wconf 76' lang='lat' dir='ltr'><strong>semper</strong></span> <span class='ocrx_word' id='word_1_186' title='bbox 580 1645 785 1716; x_wconf 77' lang='lat' dir='ltr'><strong>poenitenciam,</strong></span> <span class='ocrx_word' id='word_1_187' title='bbox 809 1643 858 1701; x_wconf 86' lang='lat' dir='ltr'><strong>red</strong></span> <span class='ocrx_word' id='word_1_188' title='bbox 877 1655 904 1702; x_wconf 86' lang='lat' dir='ltr'><strong>at</strong></span> <span class='ocrx_word' id='word_1_189' title='bbox 916 1645 1066 1717; x_wconf 73' lang='lat' dir='ltr'><strong>gratiarum</strong></span> <span class='ocrx_word' id='word_1_190' title='bbox 1116 1657 1152 1700; x_wconf 87' lang='lat' dir='ltr'><strong>ne</strong></span> <span class='ocrx_word' id='word_1_191' title='bbox 1163 1643 1327 1701; x_wconf 88' lang='lat' dir='ltr'><strong>adulterium</strong></span> <span class='ocrx_word' id='word_1_192' title='bbox 1336 1644 1432 1701; x_wconf 80' lang='lat' dir='ltr'><strong>tactas.</strong></span> <span class='ocrx_word' id='word_1_193' title='bbox 1450 1643 1537 1717; x_wconf 73' lang='lat' dir='ltr'><strong>Finge</strong></span> <span class='ocrx_word' id='word_1_194' title='bbox 1549 1645 1576 1702; x_wconf 92' lang='lat' dir='ltr'><strong>io</strong></span> <span class='ocrx_word' id='word_1_195' title='bbox 1592 1645 1781 1717; x_wconf 83' lang='lat' dir='ltr'><strong>persecutione</strong></span> <span class='ocrx_word' id='word_1_196' title='bbox 1795 1645 1908 1716; x_wconf 79' lang='lat' dir='ltr'><strong>alionum</strong></span> 
     </span>
     <span class='ocr_line' id='line_1_16' title="bbox 262 1727 1984 1810; baseline -0.001 -16"><span class='ocrx_word' id='word_1_197' title='bbox 262 1727 399 1794; x_wconf 88' lang='lat' dir='ltr'><strong>actionem</strong></span> <span class='ocrx_word' id='word_1_198' title='bbox 426 1737 577 1810; x_wconf 63' lang='lat' dir='ltr'><strong>significem</strong></span> <span class='ocrx_word' id='word_1_199' title='bbox 596 1747 625 1793; x_wconf 92' lang='lat' dir='ltr'><strong>ut</strong></span> <span class='ocrx_word' id='word_1_200' title='bbox 648 1736 799 1810; x_wconf 87' lang='lat' dir='ltr'><strong>inpsalmis</strong></span> <span class='ocrx_word' id='word_1_201' title='bbox 820 1736 970 1808; x_wconf 71' lang='lat' dir='ltr'><strong>sepissime</strong></span> <span class='ocrx_word' id='word_1_202' title='bbox 996 1737 1064 1810; x_wconf 83' lang='lat' dir='ltr'><strong>legi·</strong></span> <span class='ocrx_word' id='word_1_203' title='bbox 1115 1735 1250 1808; x_wconf 73' lang='lat' dir='ltr'><strong>virginem</strong></span> <span class='ocrx_word' id='word_1_204' title='bbox 1264 1735 1450 1808; x_wconf 89' lang='lat' dir='ltr'><strong>prostitutam.</strong></span> <span class='ocrx_word' id='word_1_205' title='bbox 1479 1736 1629 1810; x_wconf 79' lang='lat' dir='ltr'><strong>Hacapud</strong></span> <span class='ocrx_word' id='word_1_206' title='bbox 1649 1737 1909 1809; x_wconf 70' lang='lat' dir='ltr'><strong>Euangelium,r1oia</strong></span> <span class='ocrx_word' id='word_1_207' title='bbox 1983 1800 1984 1807; x_wconf 36' lang='lat'><strong>,</strong></span> 
     </span>
     <span class='ocr_line' id='line_1_17' title="bbox 262 1822 1908 1910; baseline 0 -24"><span class='ocrx_word' id='word_1_208' title='bbox 262 1844 334 1886; x_wconf 83' lang='lat' dir='ltr'><strong>murs.</strong></span> <span class='ocrx_word' id='word_1_209' title='bbox 346 1829 465 1887; x_wconf 78' lang='lat' dir='ltr'><strong>Audiam</strong></span> <span class='ocrx_word' id='word_1_210' title='bbox 480 1829 526 1902; x_wconf 88' lang='lat' dir='ltr'><strong>qui</strong></span> <span class='ocrx_word' id='word_1_211' title='bbox 540 1829 710 1887; x_wconf 83' lang='lat' dir='ltr'><strong>Salvatorcm</strong></span> <span class='ocrx_word' id='word_1_212' title='bbox 724 1843 780 1886; x_wconf 90' lang='lat' dir='ltr'><strong>non</strong></span> <span class='ocrx_word' id='word_1_213' title='bbox 797 1838 902 1899; x_wconf 89' lang='lat' dir='ltr'><strong>natum,</strong></span> <span class='ocrx_word' id='word_1_214' title='bbox 925 1830 974 1887; x_wconf 88' lang='lat' dir='ltr'><strong>aed</strong></span> <span class='ocrx_word' id='word_1_215' title='bbox 986 1844 1063 1910; x_wconf 86' lang='lat' dir='ltr'><strong>crea-</strong></span> <span class='ocrx_word' id='word_1_216' title='bbox 1075 1822 1101 1885; x_wconf 86' lang='lat' dir='ltr'>B</span> <span class='ocrx_word' id='word_1_217' title='bbox 1114 1830 1256 1886; x_wconf 80' lang='lat' dir='ltr'><strong>voluntate</strong></span> <span class='ocrx_word' id='word_1_218' title='bbox 1265 1843 1319 1886; x_wconf 90' lang='lat' dir='ltr'><strong>non</strong></span> <span class='ocrx_word' id='word_1_219' title='bbox 1334 1839 1439 1900; x_wconf 89' lang='lat' dir='ltr'><strong>peccat,</strong></span> <span class='ocrx_word' id='word_1_220' title='bbox 1456 1829 1532 1902; x_wconf 71' lang='lat' dir='ltr'><strong>virgo</strong></span> <span class='ocrx_word' id='word_1_221' title='bbox 1544 1830 1692 1900; x_wconf 84' lang='lat' dir='ltr'><strong>succipitur</strong></span> <span class='ocrx_word' id='word_1_222' title='bbox 1702 1848 1711 1886; x_wconf 75' lang='lat' dir='ltr'>e</span> <span class='ocrx_word' id='word_1_223' title='bbox 1720 1830 1749 1888; x_wconf 91' lang='lat' dir='ltr'><strong>in</strong></span> <span class='ocrx_word' id='word_1_224' title='bbox 1760 1830 1833 1903; x_wconf 71' lang='lat' dir='ltr'><strong>Lege</strong></span> <span class='ocrx_word' id='word_1_225' title='bbox 1846 1843 1908 1902; x_wconf 80' lang='lat' dir='ltr'><strong>qua-</strong></span> 
     </span>
     <span class='ocr_line' id='line_1_18' title="bbox 256 1919 1462 1998; baseline -0.003 -17"><span class='ocrx_word' id='word_1_226' title='bbox 256 1930 316 1981; x_wconf 85' lang='lat' dir='ltr'><strong>ium</strong></span> <span class='ocrx_word' id='word_1_227' title='bbox 326 1924 538 1991; x_wconf 83' lang='lat' dir='ltr'><strong>calumniantur,</strong></span> <span class='ocrx_word' id='word_1_228' title='bbox 551 1924 623 1998; x_wconf 81' lang='lat' dir='ltr'><strong>pctod</strong></span> <span class='ocrx_word' id='word_1_229' title='bbox 644 1925 752 1981; x_wconf 82' lang='lat' dir='ltr'><strong>Patrem</strong></span> <span class='ocrx_word' id='word_1_230' title='bbox 767 1937 847 1980; x_wconf 82' lang='lat' dir='ltr'><strong>auum</strong></span> <span class='ocrx_word' id='word_1_231' title='bbox 862 1933 942 1982; x_wconf 79' lang='lat' dir='ltr'><strong>aocet</strong></span> <span class='ocrx_word' id='word_1_232' title='bbox 959 1926 1024 1984; x_wconf 80' lang='lat' dir='ltr'><strong>cccli</strong></span> <span class='ocrx_word' id='word_1_233' title='bbox 1034 1934 1063 1983; x_wconf 90' lang='lat' dir='ltr'><strong>ct</strong></span> <span class='ocrx_word' id='word_1_234' title='bbox 1110 1923 1135 1980; x_wconf 84' lang='lat' dir='ltr'><strong>ai</strong></span> <span class='ocrx_word' id='word_1_235' title='bbox 1149 1933 1277 1993; x_wconf 86' lang='lat' dir='ltr'><strong>corrupta</strong></span> <span class='ocrx_word' id='word_1_236' title='bbox 1291 1919 1462 1993; x_wconf 78' lang='lat' dir='ltr'><strong>repudiatur.</strong></span> 
     </span>
     <span class='ocr_line' id='line_1_19' title="bbox 257 2013 1908 2091; baseline -0.002 -15"><span class='ocrx_word' id='word_1_237' title='bbox 257 2027 340 2076; x_wconf 78' lang='lat' dir='ltr'><strong>terrae</strong></span> <span class='ocrx_word' id='word_1_238' title='bbox 359 2019 515 2076; x_wconf 85' lang='lat' dir='ltr'><strong>Dominum.</strong></span> <span class='ocrx_word' id='word_1_239' title='bbox 540 2019 571 2077; x_wconf 84' lang='lat' dir='ltr'><strong>st</strong></span> <span class='ocrx_word' id='word_1_240' title='bbox 586 2019 661 2076; x_wconf 86' lang='lat' dir='ltr'><strong>anim</strong></span> <span class='ocrx_word' id='word_1_241' title='bbox 679 2031 706 2076; x_wconf 89' lang='lat' dir='ltr'><strong>ct</strong></span> <span class='ocrx_word' id='word_1_242' title='bbox 721 2019 782 2091; x_wconf 90' lang='lat' dir='ltr'><strong>ipse</strong></span> <span class='ocrx_word' id='word_1_243' title='bbox 806 2029 935 2077; x_wconf 76' lang='lat' dir='ltr'><strong>creatura</strong></span> <span class='ocrx_word' id='word_1_244' title='bbox 951 2030 1006 2088; x_wconf 87' lang='lat' dir='ltr'><strong>est,</strong></span> <span class='ocrx_word' id='word_1_245' title='bbox 1033 2032 1061 2076; x_wconf 87' lang='lat' dir='ltr'><strong>et</strong></span> <span class='ocrx_word' id='word_1_246' title='bbox 1146 2014 1224 2089; x_wconf 78' lang='lat' dir='ltr'><strong>(cap.</strong></span> <span class='ocrx_word' id='word_1_247' title='bbox 1238 2013 1433 2074; x_wconf 81' lang='lat' dir='ltr'><strong>llll.-lera.</strong></span> <span class='ocrx_word' id='word_1_248' title='bbox 1446 2016 1496 2089; x_wconf 90' lang='lat' dir='ltr'><strong>l.)</strong></span> <span class='ocrx_word' id='word_1_249' title='bbox 1515 2014 1551 2073; x_wconf 85' lang='lat' dir='ltr'><strong>la</strong></span> <span class='ocrx_word' id='word_1_250' title='bbox 1569 2016 1617 2073; x_wconf 86' lang='lat' dir='ltr'><strong>iila</strong></span> <span class='ocrx_word' id='word_1_251' title='bbox 1641 2026 1755 2090; x_wconf 83' lang='lat' dir='ltr'><strong>tempore</strong></span> <span class='ocrx_word' id='word_1_252' title='bbox 1775 2017 1841 2073; x_wconf 85' lang='lat' dir='ltr'><strong>abiit</strong></span> <span class='ocrx_word' id='word_1_253' title='bbox 1864 2014 1908 2072; x_wconf 81' lang='lat' dir='ltr'><strong>Je·</strong></span> 
     </span>
     <span class='ocr_line' id='line_1_20' title="bbox 261 2109 1908 2186; baseline -0.002 -17"><span class='ocrx_word' id='word_1_254' title='bbox 261 2125 387 2171; x_wconf 91' lang='lat' dir='ltr'><strong>creatura</strong></span> <span class='ocrx_word' id='word_1_255' title='bbox 403 2113 575 2172; x_wconf 87' lang='lat' dir='ltr'><strong>conditorem</strong></span> <span class='ocrx_word' id='word_1_256' title='bbox 589 2128 669 2172; x_wconf 84' lang='lat' dir='ltr'><strong>aurrna</strong></span> <span class='ocrx_word' id='word_1_257' title='bbox 687 2122 792 2186; x_wconf 88' lang='lat' dir='ltr'><strong>patrem</strong></span> <span class='ocrx_word' id='word_1_258' title='bbox 806 2109 946 2186; x_wconf 85' lang='lat' dir='ltr'><strong>appellare</strong></span> <span class='ocrx_word' id='word_1_259' title='bbox 956 2123 1057 2186; x_wconf 88' lang='lat' dir='ltr'><strong>potest,</strong></span> <span class='ocrx_word' id='word_1_260' title='bbox 1109 2125 1155 2165; x_wconf 82' lang='lat' dir='ltr'><strong>rar</strong></span> <span class='ocrx_word' id='word_1_261' title='bbox 1168 2109 1275 2165; x_wconf 78' lang='lat' dir='ltr'><strong>motata</strong></span> <span class='ocrx_word' id='word_1_262' title='bbox 1287 2124 1334 2180; x_wconf 82' lang='lat' dir='ltr'><strong>per</strong></span> <span class='ocrx_word' id='word_1_263' title='bbox 1346 2118 1405 2165; x_wconf 84' lang='lat' dir='ltr'><strong>roto</strong></span> <span class='ocrx_word' id='word_1_264' title='bbox 1420 2127 1428 2164; x_wconf 74' lang='grc' dir='ltr'><strong>ε</strong></span> <span class='ocrx_word' id='word_1_265' title='bbox 1442 2109 1566 2184; x_wconf 74' lang='lat' dir='ltr'><strong>direipaii</strong></span> <span class='ocrx_word' id='word_1_266' title='bbox 1590 2119 1676 2167; x_wconf 80' lang='lat' dir='ltr'><strong>aecem</strong></span> <span class='ocrx_word' id='word_1_267' title='bbox 1696 2115 1756 2184; x_wconf 63' lang='grc' dir='ltr'>ηἰιι</span> <span class='ocrx_word' id='word_1_268' title='bbox 1768 2113 1908 2168; x_wconf 76' lang='lat' dir='ltr'><strong>esurienter</strong></span> 
     </span>
     <span class='ocr_line' id='line_1_21' title="bbox 256 2203 1905 2277; baseline -0.002 -15"><span class='ocrx_word' id='word_1_269' title='bbox 256 2206 371 2264; x_wconf 86' lang='lat' dir='ltr'><strong>stultum</strong></span> <span class='ocrx_word' id='word_1_270' title='bbox 385 2207 437 2264; x_wconf 90' lang='lat' dir='ltr'><strong>luit</strong></span> <span class='ocrx_word' id='word_1_271' title='bbox 452 2222 507 2265; x_wconf 92' lang='lat' dir='ltr'><strong>non</strong></span> <span class='ocrx_word' id='word_1_272' title='bbox 521 2216 550 2264; x_wconf 90' lang='lat' dir='ltr'><strong>et</strong></span> <span class='ocrx_word' id='word_1_273' title='bbox 563 2209 606 2264; x_wconf 88' lang='lat' dir='ltr'><strong>sui</strong></span> <span class='ocrx_word' id='word_1_274' title='bbox 620 2217 649 2264; x_wconf 87' lang='lat' dir='ltr'><strong>et</strong></span> <span class='ocrx_word' id='word_1_275' title='bbox 663 2207 727 2264; x_wconf 85' lang='lat' dir='ltr'><strong>ooeli</strong></span> <span class='ocrx_word' id='word_1_276' title='bbox 740 2221 773 2264; x_wconf 88' lang='lat' dir='ltr'><strong>aa</strong></span> <span class='ocrx_word' id='word_1_277' title='bbox 798 2215 880 2265; x_wconf 81' lang='lat' dir='ltr'><strong>terrac</strong></span> <span class='ocrx_word' id='word_1_278' title='bbox 899 2206 1057 2276; x_wconf 83' lang='lat' dir='ltr'><strong>Dominum,</strong></span> <span class='ocrx_word' id='word_1_279' title='bbox 1107 2213 1240 2276; x_wconf 79' lang='lat' dir='ltr'><strong>ceperum</strong></span> <span class='ocrx_word' id='word_1_280' title='bbox 1255 2204 1362 2260; x_wconf 76' lang='lat' dir='ltr'><strong>erellm</strong></span> <span class='ocrx_word' id='word_1_281' title='bbox 1373 2204 1470 2277; x_wconf 71' lang='lat' dir='ltr'><strong>spicer,</strong></span> <span class='ocrx_word' id='word_1_282' title='bbox 1487 2214 1512 2260; x_wconf 86' lang='lat' dir='ltr'><strong>et</strong></span> <span class='ocrx_word' id='word_1_283' title='bbox 1526 2205 1694 2260; x_wconf 77' lang='lat' dir='ltr'><strong>mandaram.</strong></span> <span class='ocrx_word' id='word_1_284' title='bbox 1721 2203 1754 2260; x_wconf 93' lang='lat' dir='ltr'><strong>ln</strong></span> <span class='ocrx_word' id='word_1_285' title='bbox 1768 2205 1823 2261; x_wconf 92' lang='lat' dir='ltr'><strong>alio</strong></span> <span class='ocrx_word' id='word_1_286' title='bbox 1839 2220 1905 2276; x_wconf 87' lang='lat' dir='ltr'><strong>quo·</strong></span> 
     </span>
     <span class='ocr_line' id='line_1_22' title="bbox 255 2295 1984 2371; baseline -0.002 -17"><span class='ocrx_word' id='word_1_287' title='bbox 255 2298 298 2356; x_wconf 75' lang='lat' dir='ltr'><strong>tel</strong></span> <span class='ocrx_word' id='word_1_288' title='bbox 315 2298 424 2356; x_wconf 88' lang='lat' dir='ltr'><strong>Patrem</strong></span> <span class='ocrx_word' id='word_1_289' title='bbox 438 2299 569 2356; x_wconf 87' lang='lat' dir='ltr'><strong>similitor</strong></span> <span class='ocrx_word' id='word_1_290' title='bbox 583 2299 733 2370; x_wconf 84' lang='lat' dir='ltr'><strong>appellare.</strong></span> <span class='ocrx_word' id='word_1_291' title='bbox 1106 2311 1161 2370; x_wconf 82' lang='lat' dir='ltr'><strong>qne</strong></span> <span class='ocrx_word' id='word_1_292' title='bbox 1175 2295 1343 2368; x_wconf 72' lang='lat' dir='ltr'><strong>euangelista</strong></span> <span class='ocrx_word' id='word_1_293' title='bbox 1365 2296 1491 2369; x_wconf 74' lang='lat' dir='ltr'><strong>legimus,</strong></span> <span class='ocrx_word' id='word_1_294' title='bbox 1511 2296 1711 2369; x_wconf 79' lang='lat' dir='ltr'><strong>quodpropter</strong></span> <span class='ocrx_word' id='word_1_295' title='bbox 1724 2296 1839 2352; x_wconf 88' lang='lat' dir='ltr'><strong>nimiam</strong></span> <span class='ocrx_word' id='word_1_296' title='bbox 1855 2297 1905 2350; x_wconf 91' lang='lat' dir='ltr'><strong>im·</strong></span> <span class='ocrx_word' id='word_1_297' title='bbox 1983 2346 1984 2371; x_wconf 43' lang='lat'>3</span> 
     </span>
    </p>

    <p class='ocr_par' dir='ltr' id='par_1_6' title="bbox 251 2391 1908 2929">
     <span class='ocr_line' id='line_1_23' title="bbox 291 2391 1908 2467; baseline 0 -21"><span class='ocrx_word' id='word_1_298' title='bbox 291 2391 346 2466; x_wconf 65' lang='lat' dir='ltr'><strong><em>n</em></strong></span> <span class='ocrx_word' id='word_1_299' title='bbox 355 2391 1055 2467; x_wconf 75' lang='lat' dir='ltr'><strong>Qutaateconctur·tiaraeapirarttaarrpracearitar,</strong></span> <span class='ocrx_word' id='word_1_300' title='bbox 1106 2393 1315 2467; x_wconf 89' lang='lat' dir='ltr'><strong>portunitatcm,</strong></span> <span class='ocrx_word' id='word_1_301' title='bbox 1342 2407 1395 2452; x_wconf 87' lang='lat' dir='ltr'><strong>neo</strong></span> <span class='ocrx_word' id='word_1_302' title='bbox 1419 2392 1549 2452; x_wconf 72' lang='lat' dir='ltr'><strong>teroeodi</strong></span> <span class='ocrx_word' id='word_1_303' title='bbox 1573 2393 1682 2466; x_wconf 83' lang='lat' dir='ltr'><strong>quidem</strong></span> <span class='ocrx_word' id='word_1_304' title='bbox 1704 2392 1844 2449; x_wconf 71' lang='lat' dir='ltr'><strong>bibebant</strong></span> <span class='ocrx_word' id='word_1_305' title='bbox 1870 2391 1908 2446; x_wconf 94' lang='lat' dir='ltr'><strong>lo-</strong></span> 
     </span>
     <span class='ocr_line' id='line_1_24' title="bbox 254 2485 1906 2560; baseline -0.003 -18"><span class='ocrx_word' id='word_1_306' title='bbox 254 2494 279 2542; x_wconf 87' lang='lat' dir='ltr'><strong>ct</strong></span> <span class='ocrx_word' id='word_1_307' title='bbox 304 2486 423 2542; x_wconf 85' lang='lat' dir='ltr'><strong>recelarti</strong></span> <span class='ocrx_word' id='word_1_308' title='bbox 445 2503 475 2542; x_wconf 87' lang='lat' dir='ltr'><strong>ea</strong></span> <span class='ocrx_word' id='word_1_309' title='bbox 491 2488 618 2558; x_wconf 77' lang='lat' dir='ltr'><strong>paruulis.</strong></span> <span class='ocrx_word' id='word_1_310' title='bbox 632 2486 742 2543; x_wconf 87' lang='lat' dir='ltr'><strong>Gratias</strong></span> <span class='ocrx_word' id='word_1_311' title='bbox 763 2487 820 2559; x_wconf 79' lang='lat' dir='ltr'><strong>agit</strong></span> <span class='ocrx_word' id='word_1_312' title='bbox 842 2493 872 2544; x_wconf 89' lang='lat' dir='ltr'><strong>et</strong></span> <span class='ocrx_word' id='word_1_313' title='bbox 885 2487 1005 2544; x_wconf 84' lang='lat' dir='ltr'><strong>enaitltat</strong></span> <span class='ocrx_word' id='word_1_314' title='bbox 1026 2487 1055 2544; x_wconf 88' lang='lat' dir='ltr'><strong>in</strong></span> <span class='ocrx_word' id='word_1_315' title='bbox 1109 2505 1190 2558; x_wconf 88' lang='lat' dir='ltr'><strong>eum,</strong></span> <span class='ocrx_word' id='word_1_316' title='bbox 1205 2497 1234 2545; x_wconf 83' lang='lat' dir='ltr'><strong>at</strong></span> <span class='ocrx_word' id='word_1_317' title='bbox 1249 2487 1311 2545; x_wconf 71' lang='lat' dir='ltr'><strong>meo</strong></span> <span class='ocrx_word' id='word_1_318' title='bbox 1333 2493 1410 2560; x_wconf 77' lang='lat' dir='ltr'><strong>quasi</strong></span> <span class='ocrx_word' id='word_1_319' title='bbox 1426 2488 1553 2546; x_wconf 80' lang='lat' dir='ltr'><strong>bominac</strong></span> <span class='ocrx_word' id='word_1_320' title='bbox 1569 2487 1730 2544; x_wconf 85' lang='lat' dir='ltr'><strong>esuriebant</strong></span> <span class='ocrx_word' id='word_1_321' title='bbox 1754 2485 1852 2558; x_wconf 79' lang='lat' dir='ltr'><strong>(liare.</strong></span> <span class='ocrx_word' id='word_1_322' title='bbox 1871 2499 1906 2550; x_wconf 91' lang='lat' dir='ltr'><strong>u,</strong></span> 
     </span>
     <span class='ocr_line' id='line_1_25' title="bbox 255 2579 1906 2660; baseline -0.002 -24"><span class='ocrx_word' id='word_1_323' title='bbox 255 2579 348 2649; x_wconf 83' lang='lat' dir='ltr'><strong>Patre,</strong></span> <span class='ocrx_word' id='word_1_324' title='bbox 362 2579 433 2650; x_wconf 81' lang='lat' dir='ltr'><strong>ottod</strong></span> <span class='ocrx_word' id='word_1_325' title='bbox 455 2579 590 2650; x_wconf 89' lang='lat' dir='ltr'><strong>apostolis</strong></span> <span class='ocrx_word' id='word_1_326' title='bbox 604 2581 648 2636; x_wconf 88' lang='lat' dir='ltr'><strong>sui</strong></span> <span class='ocrx_word' id='word_1_327' title='bbox 660 2580 795 2660; x_wconf 85' lang='lat' dir='ltr'><strong>adrentus</strong></span> <span class='ocrx_word' id='word_1_328' title='bbox 809 2581 948 2651; x_wconf 85' lang='lat' dir='ltr'><strong>aperuerit</strong></span> <span class='ocrx_word' id='word_1_329' title='bbox 961 2595 1055 2637; x_wconf 86' lang='lat' dir='ltr'><strong>sacra·</strong></span> <span class='ocrx_word' id='word_1_330' title='bbox 1106 2590 1130 2639; x_wconf 86' lang='lat' dir='ltr'><strong>et</strong></span> <span class='ocrx_word' id='word_1_331' title='bbox 1144 2581 1209 2639; x_wconf 80' lang='lat' dir='ltr'><strong>Luc.</strong></span> <span class='ocrx_word' id='word_1_332' title='bbox 1225 2581 1276 2654; x_wconf 84' lang='grc' dir='ltr'><strong>ιι).</strong></span> <span class='ocrx_word' id='word_1_333' title='bbox 1294 2581 1372 2650; x_wconf 82' lang='lat' dir='ltr'><strong>Quod</strong></span> <span class='ocrx_word' id='word_1_334' title='bbox 1397 2589 1491 2638; x_wconf 89' lang='lat' dir='ltr'><strong>autem</strong></span> <span class='ocrx_word' id='word_1_335' title='bbox 1515 2582 1608 2652; x_wconf 84' lang='lat' dir='ltr'><strong>spicas</strong></span> <span class='ocrx_word' id='word_1_336' title='bbox 1630 2588 1754 2652; x_wconf 76' lang='lat' dir='ltr'><strong>sepemm</strong></span> <span class='ocrx_word' id='word_1_337' title='bbox 1777 2579 1906 2634; x_wconf 86' lang='lat' dir='ltr'><strong>manibus</strong></span> 
     </span>
     <span class='ocr_line' id='line_1_26' title="bbox 253 2670 1907 2747; baseline -0.003 -19"><span class='ocrx_word' id='word_1_338' title='bbox 253 2682 357 2744; x_wconf 86' lang='lat' dir='ltr'><strong>merita,</strong></span> <span class='ocrx_word' id='word_1_339' title='bbox 374 2689 435 2744; x_wconf 77' lang='lat' dir='ltr'><strong>quae</strong></span> <span class='ocrx_word' id='word_1_340' title='bbox 445 2673 746 2745; x_wconf 74' lang='lat' dir='ltr'><strong>ignorarerlrrtllcribae</strong></span> <span class='ocrx_word' id='word_1_341' title='bbox 762 2681 791 2731; x_wconf 92' lang='lat' dir='ltr'><strong>et</strong></span> <span class='ocrx_word' id='word_1_342' title='bbox 801 2673 1003 2747; x_wconf 81' lang='lat' dir='ltr'><strong>Pbariaai,qui</strong></span> <span class='ocrx_word' id='word_1_343' title='bbox 1017 2672 1055 2730; x_wconf 86' lang='lat' dir='ltr'><strong>si·</strong></span> <span class='ocrx_word' id='word_1_344' title='bbox 1105 2673 1269 2739; x_wconf 76' lang='lat' dir='ltr'><strong>confricant,</strong></span> <span class='ocrx_word' id='word_1_345' title='bbox 1283 2680 1314 2728; x_wconf 85' lang='lat' dir='ltr'><strong>et</strong></span> <span class='ocrx_word' id='word_1_346' title='bbox 1327 2672 1447 2729; x_wconf 89' lang='lat' dir='ltr'><strong>inediam</strong></span> <span class='ocrx_word' id='word_1_347' title='bbox 1460 2672 1649 2739; x_wconf 83' lang='lat' dir='ltr'><strong>consolantur,</strong></span> <span class='ocrx_word' id='word_1_348' title='bbox 1664 2673 1729 2728; x_wconf 73' lang='lat' dir='ltr'><strong>ritae</strong></span> <span class='ocrx_word' id='word_1_349' title='bbox 1745 2670 1907 2726; x_wconf 71' lang='lat' dir='ltr'><strong>austerioris</strong></span> 
     </span>
     <span class='ocr_line' id='line_1_27' title="bbox 251 2759 1904 2837; baseline -0.004 -15"><span class='ocrx_word' id='word_1_350' title='bbox 251 2763 280 2822; x_wconf 88' lang='lat' dir='ltr'><strong>bl</strong></span> <span class='ocrx_word' id='word_1_351' title='bbox 294 2765 579 2836; x_wconf 84' lang='lat' dir='ltr'><strong>sapientesvidemur,</strong></span> <span class='ocrx_word' id='word_1_352' title='bbox 592 2767 655 2822; x_wconf 88' lang='lat' dir='ltr'><strong>etio</strong></span> <span class='ocrx_word' id='word_1_353' title='bbox 668 2777 818 2837; x_wconf 86' lang='lat' dir='ltr'><strong>conspectu</strong></span> <span class='ocrx_word' id='word_1_354' title='bbox 830 2780 880 2822; x_wconf 89' lang='lat' dir='ltr'><strong>suo</strong></span> <span class='ocrx_word' id='word_1_355' title='bbox 893 2766 1052 2837; x_wconf 86' lang='lat' dir='ltr'><strong>prodentes.</strong></span> <span class='ocrx_word' id='word_1_356' title='bbox 1104 2759 1234 2820; x_wconf 86' lang='lat' dir='ltr'><strong>lndieium</strong></span> <span class='ocrx_word' id='word_1_357' title='bbox 1242 2771 1305 2831; x_wconf 78' lang='lat' dir='ltr'><strong>est3</strong></span> <span class='ocrx_word' id='word_1_358' title='bbox 1321 2777 1377 2820; x_wconf 88' lang='lat' dir='ltr'><strong>non</strong></span> <span class='ocrx_word' id='word_1_359' title='bbox 1388 2771 1555 2835; x_wconf 83' lang='lat' dir='ltr'><strong>praeparatas</strong></span> <span class='ocrx_word' id='word_1_360' title='bbox 1567 2763 1672 2836; x_wconf 80' lang='lat' dir='ltr'><strong>epulae,</strong></span> <span class='ocrx_word' id='word_1_361' title='bbox 1686 2761 1734 2820; x_wconf 90' lang='lat' dir='ltr'><strong>sed</strong></span> <span class='ocrx_word' id='word_1_362' title='bbox 1745 2762 1824 2819; x_wconf 88' lang='lat' dir='ltr'><strong>cibos</strong></span> <span class='ocrx_word' id='word_1_363' title='bbox 1838 2761 1904 2817; x_wconf 76' lang='lat' dir='ltr'><strong>sim</strong></span> 
     </span>
     <span class='ocr_line' id='line_1_28' title="bbox 256 2857 1397 2929; baseline -0.003 -14"><span class='ocrx_word' id='word_1_364' title='bbox 256 2858 410 2915; x_wconf 88' lang='lat' dir='ltr'><strong>lustillcata</strong></span> <span class='ocrx_word' id='word_1_365' title='bbox 425 2867 468 2915; x_wconf 89' lang='lat' dir='ltr'><strong>est</strong></span> <span class='ocrx_word' id='word_1_366' title='bbox 483 2858 616 2929; x_wconf 81' lang='lat' dir='ltr'><strong>sapientia</strong></span> <span class='ocrx_word' id='word_1_367' title='bbox 630 2869 646 2914; x_wconf 91' lang='lat' dir='ltr'><strong>a</strong></span> <span class='ocrx_word' id='word_1_368' title='bbox 659 2858 722 2915; x_wconf 88' lang='lat' dir='ltr'><strong>liliis</strong></span> <span class='ocrx_word' id='word_1_369' title='bbox 737 2859 806 2915; x_wconf 85' lang='lat' dir='ltr'><strong>suis.</strong></span> <span class='ocrx_word' id='word_1_370' title='bbox 1103 2858 1190 2929; x_wconf 87' lang='lat' dir='ltr'><strong>plicas</strong></span> <span class='ocrx_word' id='word_1_371' title='bbox 1201 2857 1397 2929; x_wconf 75' lang='lat' dir='ltr'><strong>quarentium.</strong></span> 
     </span>
    </p>

    <p class='ocr_par' dir='ltr' id='par_1_7' title="bbox 250 2947 1906 3210">
     <span class='ocr_line' id='line_1_29' title="bbox 286 2947 1904 3025; baseline -0.004 -17"><span class='ocrx_word' id='word_1_372' title='bbox 286 2951 377 3024; x_wconf 81' lang='lat' dir='ltr'><strong>(Vera.</strong></span> <span class='ocrx_word' id='word_1_373' title='bbox 394 2949 454 3023; x_wconf 66' lang='lat' dir='ltr'><strong>db.)</strong></span> <span class='ocrx_word' id='word_1_374' title='bbox 475 2949 531 3020; x_wconf 91' lang='lat' dir='ltr'><strong>lta,</strong></span> <span class='ocrx_word' id='word_1_375' title='bbox 550 2949 641 3022; x_wconf 88' lang='lat' dir='ltr'><strong>Pater,</strong></span> <span class='ocrx_word' id='word_1_376' title='bbox 656 2951 780 3024; x_wconf 73' lang='lat' dir='ltr'><strong>quoniam</strong></span> <span class='ocrx_word' id='word_1_377' title='bbox 808 2951 845 3006; x_wconf 84' lang='lat' dir='ltr'><strong>cic</strong></span> <span class='ocrx_word' id='word_1_378' title='bbox 863 2951 988 3024; x_wconf 75' lang='lat' dir='ltr'><strong>placitator</strong></span> <span class='ocrx_word' id='word_1_379' title='bbox 1002 2951 1053 3025; x_wconf 71' lang='lat' dir='ltr'><strong>fait</strong></span> <span class='ocrx_word' id='word_1_380' title='bbox 1138 2949 1232 3023; x_wconf 79' lang='lat' dir='ltr'><strong>(Vera.</strong></span> <span class='ocrx_word' id='word_1_381' title='bbox 1247 2949 1291 3024; x_wconf 69' lang='lat' dir='ltr'><strong>i.)</strong></span> <span class='ocrx_word' id='word_1_382' title='bbox 1314 2949 1443 3005; x_wconf 77' lang='lat' dir='ltr'><strong>Picariroei</strong></span> <span class='ocrx_word' id='word_1_383' title='bbox 1460 2957 1548 3005; x_wconf 82' lang='lat' dir='ltr'><strong>autem</strong></span> <span class='ocrx_word' id='word_1_384' title='bbox 1566 2949 1691 3017; x_wconf 71' lang='grc' dir='ltr'>ιιιιιιιιιι,</span> <span class='ocrx_word' id='word_1_385' title='bbox 1716 2947 1841 3004; x_wconf 75' lang='lat' dir='ltr'><strong>dicerunt</strong></span> <span class='ocrx_word' id='word_1_386' title='bbox 1856 2948 1904 3002; x_wconf 85' lang='lat' dir='ltr'><strong>ei:</strong></span> 
     </span>
     <span class='ocr_line' id='line_1_30' title="bbox 251 3039 1906 3117; baseline -0.004 -17"><span class='ocrx_word' id='word_1_387' title='bbox 251 3051 311 3100; x_wconf 78' lang='lat' dir='ltr'><strong>aare</strong></span> <span class='ocrx_word' id='word_1_388' title='bbox 342 3051 377 3098; x_wconf 86' lang='lat' dir='ltr'><strong>te.</strong></span> <span class='ocrx_word' id='word_1_389' title='bbox 407 3043 577 3100; x_wconf 88' lang='lat' dir='ltr'><strong>Blandieutis</strong></span> <span class='ocrx_word' id='word_1_390' title='bbox 596 3043 697 3100; x_wconf 87' lang='lat' dir='ltr'><strong>allecta</strong></span> <span class='ocrx_word' id='word_1_391' title='bbox 724 3043 846 3115; x_wconf 86' lang='lat' dir='ltr'><strong>loquitur</strong></span> <span class='ocrx_word' id='word_1_392' title='bbox 868 3043 902 3101; x_wconf 91' lang='lat' dir='ltr'><strong>ad</strong></span> <span class='ocrx_word' id='word_1_393' title='bbox 930 3043 1051 3113; x_wconf 86' lang='lat' dir='ltr'><strong>Patrem,</strong></span> <span class='ocrx_word' id='word_1_394' title='bbox 1103 3041 1171 3099; x_wconf 78' lang='lat' dir='ltr'><strong>Eece</strong></span> <span class='ocrx_word' id='word_1_395' title='bbox 1192 3043 1315 3117; x_wconf 80' lang='lat' dir='ltr'><strong>discipuli</strong></span> <span class='ocrx_word' id='word_1_396' title='bbox 1342 3043 1506 3112; x_wconf 71' lang='lat' dir='ltr'><strong>trifaciare,</strong></span> <span class='ocrx_word' id='word_1_397' title='bbox 1523 3043 1662 3113; x_wconf 69' lang='lat' dir='ltr'><strong>aeuum</strong></span> <span class='ocrx_word' id='word_1_398' title='bbox 1683 3041 1745 3096; x_wconf 74' lang='lat' dir='ltr'><strong>dcet</strong></span> <span class='ocrx_word' id='word_1_399' title='bbox 1767 3039 1906 3112; x_wconf 68' lang='lat' dir='ltr'><strong>defecere</strong></span> 
     </span>
     <span class='ocr_line' id='line_1_31' title="bbox 250 3133 1906 3210; baseline -0.002 -17"><span class='ocrx_word' id='word_1_400' title='bbox 250 3145 410 3207; x_wconf 79' lang='lat' dir='ltr'><strong>atemptare</strong></span> <span class='ocrx_word' id='word_1_401' title='bbox 419 3136 446 3192; x_wconf 94' lang='lat' dir='ltr'><strong>in</strong></span> <span class='ocrx_word' id='word_1_402' title='bbox 458 3135 589 3206; x_wconf 88' lang='lat' dir='ltr'><strong>apostolis</strong></span> <span class='ocrx_word' id='word_1_403' title='bbox 597 3136 762 3194; x_wconf 89' lang='lat' dir='ltr'><strong>becellcium</strong></span> <span class='ocrx_word' id='word_1_404' title='bbox 778 3139 957 3210; x_wconf 84' lang='lat' dir='ltr'><strong>compleatur.</strong></span> <span class='ocrx_word' id='word_1_405' title='bbox 1102 3137 1224 3192; x_wconf 75' lang='lat' dir='ltr'><strong>crocotis.</strong></span> <span class='ocrx_word' id='word_1_406' title='bbox 1238 3136 1307 3193; x_wconf 89' lang='lat' dir='ltr'><strong>llota</strong></span> <span class='ocrx_word' id='word_1_407' title='bbox 1330 3135 1404 3208; x_wconf 81' lang='lat' dir='ltr'><strong>qnod</strong></span> <span class='ocrx_word' id='word_1_408' title='bbox 1419 3135 1501 3208; x_wconf 88' lang='lat' dir='ltr'><strong>primi</strong></span> <span class='ocrx_word' id='word_1_409' title='bbox 1521 3133 1639 3207; x_wconf 86' lang='lat' dir='ltr'><strong>apostoli</strong></span> <span class='ocrx_word' id='word_1_410' title='bbox 1657 3134 1810 3192; x_wconf 81' lang='lat' dir='ltr'><strong>Salvatoris</strong></span> <span class='ocrx_word' id='word_1_411' title='bbox 1830 3133 1906 3190; x_wconf 87' lang='lat' dir='ltr'><strong>litte·</strong></span> 
     </span>
    </p>

    <p class='ocr_par' dir='ltr' id='par_1_8' title="bbox 245 3213 1904 4146">
     <span class='ocr_line' id='line_1_32' title="bbox 285 3213 1903 3301; baseline 0.001 -19"><span class='ocrx_word' id='word_1_412' title='bbox 285 3227 376 3300; x_wconf 83' lang='lat' dir='ltr'><strong>(lens.</strong></span> <span class='ocrx_word' id='word_1_413' title='bbox 388 3226 447 3300; x_wconf 68' lang='lat' dir='ltr'><strong>ai.)</strong></span> <span class='ocrx_word' id='word_1_414' title='bbox 467 3227 563 3282; x_wconf 76' lang='lat' dir='ltr'><strong>Otreraia</strong></span> <span class='ocrx_word' id='word_1_415' title='bbox 577 3229 640 3282; x_wconf 77' lang='lat' dir='ltr'><strong>ratic</strong></span> <span class='ocrx_word' id='word_1_416' title='bbox 666 3229 764 3284; x_wconf 84' lang='lat' dir='ltr'><strong>tradito</strong></span> <span class='ocrx_word' id='word_1_417' title='bbox 778 3241 841 3287; x_wconf 80' lang='lat' dir='ltr'><strong>errat</strong></span> <span class='ocrx_word' id='word_1_418' title='bbox 855 3247 871 3286; x_wconf 93' lang='lat' dir='ltr'><strong>a</strong></span> <span class='ocrx_word' id='word_1_419' title='bbox 885 3229 968 3290; x_wconf 81' lang='lat' dir='ltr'><strong>Patre</strong></span> <span class='ocrx_word' id='word_1_420' title='bbox 981 3251 1047 3290; x_wconf 88' lang='lat' dir='ltr'><strong>meo.</strong></span> <span class='ocrx_word' id='word_1_421' title='bbox 1062 3213 1085 3278; x_wconf 81' lang='lat' dir='ltr'>C</span> <span class='ocrx_word' id='word_1_422' title='bbox 1101 3244 1158 3287; x_wconf 73' lang='lat' dir='ltr'><strong>mm</strong></span> <span class='ocrx_word' id='word_1_423' title='bbox 1169 3229 1274 3287; x_wconf 88' lang='lat' dir='ltr'><strong>sabbati</strong></span> <span class='ocrx_word' id='word_1_424' title='bbox 1285 3229 1442 3301; x_wconf 82' lang='lat' dir='ltr'><strong>destruunt,</strong></span> <span class='ocrx_word' id='word_1_425' title='bbox 1454 3227 1590 3286; x_wconf 73' lang='lat' dir='ltr'><strong>adversus</strong></span> <span class='ocrx_word' id='word_1_426' title='bbox 1607 3229 1761 3295; x_wconf 81' lang='lat' dir='ltr'><strong>Ebionitaa,</strong></span> <span class='ocrx_word' id='word_1_427' title='bbox 1772 3228 1819 3298; x_wconf 81' lang='lat' dir='ltr'><strong>oui</strong></span> <span class='ocrx_word' id='word_1_428' title='bbox 1841 3243 1903 3285; x_wconf 90' lang='lat' dir='ltr'><strong>cum</strong></span> 
     </span>
     <span class='ocr_line' id='line_1_33' title="bbox 250 3320 1904 3405; baseline -0.003 -24"><span class='ocrx_word' id='word_1_429' title='bbox 250 3323 285 3381; x_wconf 81' lang='lat' dir='ltr'><strong>lit</strong></span> <span class='ocrx_word' id='word_1_430' title='bbox 298 3324 452 3381; x_wconf 85' lang='lat' dir='ltr'><strong>tradentem</strong></span> <span class='ocrx_word' id='word_1_431' title='bbox 471 3323 591 3391; x_wconf 84' lang='lat' dir='ltr'><strong>Patrem,</strong></span> <span class='ocrx_word' id='word_1_432' title='bbox 605 3333 635 3381; x_wconf 91' lang='lat' dir='ltr'><strong>ct</strong></span> <span class='ocrx_word' id='word_1_433' title='bbox 646 3325 824 3396; x_wconf 85' lang='lat' dir='ltr'><strong>accipientem</strong></span> <span class='ocrx_word' id='word_1_434' title='bbox 843 3327 954 3397; x_wconf 80' lang='lat' dir='ltr'><strong>Filium,</strong></span> <span class='ocrx_word' id='word_1_435' title='bbox 974 3347 1049 3405; x_wconf 82' lang='lat' dir='ltr'><strong>mys·</strong></span> <span class='ocrx_word' id='word_1_436' title='bbox 1100 3334 1214 3382; x_wconf 83' lang='lat' dir='ltr'><strong>caeteros</strong></span> <span class='ocrx_word' id='word_1_437' title='bbox 1225 3320 1519 3395; x_wconf 85' lang='lat' dir='ltr'><strong>recipiantapostolos,</strong></span> <span class='ocrx_word' id='word_1_438' title='bbox 1531 3321 1904 3394; x_wconf 73' lang='lat' dir='ltr'><strong>Paulumqoasitransgres·</strong></span> 
     </span>
     <span class='ocr_line' id='line_1_34' title="bbox 254 3415 1450 3491; baseline 0.006 -18"><span class='ocrx_word' id='word_1_439' title='bbox 254 3418 308 3474; x_wconf 90' lang='lat' dir='ltr'><strong>tice</strong></span> <span class='ocrx_word' id='word_1_440' title='bbox 319 3417 450 3488; x_wconf 71' lang='lat' dir='ltr'><strong>intellige.</strong></span> <span class='ocrx_word' id='word_1_441' title='bbox 462 3415 589 3488; x_wconf 76' lang='lat' dir='ltr'><strong>Alioquin</strong></span> <span class='ocrx_word' id='word_1_442' title='bbox 604 3417 627 3471; x_wconf 88' lang='lat' dir='ltr'><strong>si</strong></span> <span class='ocrx_word' id='word_1_443' title='bbox 637 3417 712 3488; x_wconf 87' lang='lat' dir='ltr'><strong>juxta</strong></span> <span class='ocrx_word' id='word_1_444' title='bbox 727 3417 901 3491; x_wconf 76' lang='lat' dir='ltr'><strong>fragilitatem</strong></span> <span class='ocrx_word' id='word_1_445' title='bbox 923 3433 1048 3481; x_wconf 85' lang='lat' dir='ltr'><strong>nostram</strong></span> <span class='ocrx_word' id='word_1_446' title='bbox 1099 3432 1191 3475; x_wconf 72' lang='lat' dir='ltr'><strong>torem</strong></span> <span class='ocrx_word' id='word_1_447' title='bbox 1213 3418 1281 3490; x_wconf 69' lang='lat' dir='ltr'><strong>lepis</strong></span> <span class='ocrx_word' id='word_1_448' title='bbox 1292 3416 1450 3485; x_wconf 58' lang='lat' dir='ltr'><strong>cottidiani·</strong></span> 
     </span>
     <span class='ocr_line' id='line_1_35' title="bbox 249 3507 1903 3588; baseline 0.005 -20"><span class='ocrx_word' id='word_1_449' title='bbox 249 3513 355 3568; x_wconf 83' lang='lat' dir='ltr'><strong>sentire</strong></span> <span class='ocrx_word' id='word_1_450' title='bbox 382 3509 529 3577; x_wconf 71' lang='lat' dir='ltr'><strong>volumus,</strong></span> <span class='ocrx_word' id='word_1_451' title='bbox 554 3525 615 3567; x_wconf 90' lang='lat' dir='ltr'><strong>cum</strong></span> <span class='ocrx_word' id='word_1_452' title='bbox 629 3513 748 3583; x_wconf 79' lang='lat' dir='ltr'><strong>coeperit</strong></span> <span class='ocrx_word' id='word_1_453' title='bbox 770 3513 873 3572; x_wconf 90' lang='lat' dir='ltr'><strong>babere</strong></span> <span class='ocrx_word' id='word_1_454' title='bbox 898 3517 945 3588; x_wconf 80' lang='lat' dir='ltr'><strong>qui</strong></span> <span class='ocrx_word' id='word_1_455' title='bbox 977 3521 1047 3576; x_wconf 77' lang='lat' dir='ltr'><strong>acci·</strong></span> <span class='ocrx_word' id='word_1_456' title='bbox 1135 3510 1226 3583; x_wconf 66' lang='lat' dir='ltr'><strong>iltis·</strong></span> <span class='ocrx_word' id='word_1_457' title='bbox 1241 3511 1270 3578; x_wconf 74' lang='grc'><strong>5,</strong></span> <span class='ocrx_word' id='word_1_458' title='bbox 1287 3508 1329 3582; x_wconf 69' lang='lat'><strong>⁴·)</strong></span> <span class='ocrx_word' id='word_1_459' title='bbox 1349 3509 1383 3564; x_wconf 60' lang='grc' dir='ltr'><strong>Αἵ</strong></span> <span class='ocrx_word' id='word_1_460' title='bbox 1395 3509 1514 3565; x_wconf 59' lang='grc' dir='ltr'><strong>*Ὴθόῐῑῑῑ</strong></span> <span class='ocrx_word' id='word_1_461' title='bbox 1527 3510 1567 3564; x_wconf 65' lang='grc' dir='ltr'><strong>θὲθ</strong></span> <span class='ocrx_word' id='word_1_462' title='bbox 1578 3524 1588 3564; x_wconf 84' lang='lat'><strong>·‘</strong></span> <span class='ocrx_word' id='word_1_463' title='bbox 1601 3507 1663 3564; x_wconf 61' lang='lat' dir='ltr'><strong>Nili</strong></span> <span class='ocrx_word' id='word_1_464' title='bbox 1674 3508 1773 3578; x_wconf 57' lang='lat' dir='ltr'><strong>‘⁴9⁵⁸‘ss</strong></span> <span class='ocrx_word' id='word_1_465' title='bbox 1786 3507 1879 3580; x_wconf 61' lang='lat' dir='ltr'><strong>llll&#39;dl</strong></span> <span class='ocrx_word' id='word_1_466' title='bbox 1890 3537 1903 3552; x_wconf 94' lang='lat'><strong>·</strong></span> 
     </span>
     <span class='ocr_line' id='line_1_36' title="bbox 249 3602 1901 3676; baseline 0.006 -16"><span class='ocrx_word' id='word_1_467' title='bbox 249 3604 309 3673; x_wconf 90' lang='lat' dir='ltr'><strong>pit,</strong></span> <span class='ocrx_word' id='word_1_468' title='bbox 335 3602 447 3673; x_wconf 86' lang='lat' dir='ltr'><strong>incipiet</strong></span> <span class='ocrx_word' id='word_1_469' title='bbox 482 3615 537 3658; x_wconf 92' lang='lat' dir='ltr'><strong>non</strong></span> <span class='ocrx_word' id='word_1_470' title='bbox 574 3605 675 3661; x_wconf 89' lang='lat' dir='ltr'><strong>babere</strong></span> <span class='ocrx_word' id='word_1_471' title='bbox 709 3607 754 3676; x_wconf 83' lang='lat' dir='ltr'><strong>qui</strong></span> <span class='ocrx_word' id='word_1_472' title='bbox 785 3607 901 3665; x_wconf 85' lang='lat' dir='ltr'><strong>dederit.</strong></span> <span class='ocrx_word' id='word_1_473' title='bbox 935 3609 1047 3670; x_wconf 84' lang='lat' dir='ltr'><strong>Tradita</strong></span> <span class='ocrx_word' id='word_1_474' title='bbox 1098 3605 1162 3661; x_wconf 69' lang='lat' dir='ltr'><strong>cecil</strong></span> <span class='ocrx_word' id='word_1_475' title='bbox 1177 3604 1813 3674; x_wconf 59' lang='lat' dir='ltr'><strong>ffllidtctattmltrit&#39;lrtlllt&#39;ilmwmw</strong></span> <span class='ocrx_word' id='word_1_476' title='bbox 1832 3618 1901 3673; x_wconf 64' lang='grc' dir='ltr'><strong>Μ·</strong></span> 
     </span>
     <span class='ocr_line' id='line_1_37' title="bbox 245 3695 1901 3770; baseline 0.008 -20"><span class='ocrx_word' id='word_1_477' title='bbox 245 3701 338 3752; x_wconf 84' lang='lat' dir='ltr'><strong>autem</strong></span> <span class='ocrx_word' id='word_1_478' title='bbox 362 3695 413 3751; x_wconf 91' lang='lat' dir='ltr'><strong>sibi</strong></span> <span class='ocrx_word' id='word_1_479' title='bbox 434 3696 541 3763; x_wconf 87' lang='lat' dir='ltr'><strong>omnia,</strong></span> <span class='ocrx_word' id='word_1_480' title='bbox 569 3711 623 3752; x_wconf 90' lang='lat' dir='ltr'><strong>nou</strong></span> <span class='ocrx_word' id='word_1_481' title='bbox 653 3699 751 3754; x_wconf 88' lang='lat' dir='ltr'><strong>coelum</strong></span> <span class='ocrx_word' id='word_1_482' title='bbox 781 3708 809 3756; x_wconf 88' lang='lat' dir='ltr'><strong>et</strong></span> <span class='ocrx_word' id='word_1_483' title='bbox 836 3709 962 3768; x_wconf 67' lang='lat' dir='ltr'><strong>terrast</strong></span> <span class='ocrx_word' id='word_1_484' title='bbox 990 3702 1044 3761; x_wconf 87' lang='lat' dir='ltr'><strong>ele·</strong></span> <span class='ocrx_word' id='word_1_485' title='bbox 1097 3699 1174 3753; x_wconf 72' lang='lat' dir='ltr'><strong>medo</strong></span> <span class='ocrx_word' id='word_1_486' title='bbox 1196 3699 1304 3753; x_wconf 61' lang='lat' dir='ltr'><strong>{citavit</strong></span> <span class='ocrx_word' id='word_1_487' title='bbox 1327 3699 1355 3753; x_wconf 87' lang='lat' dir='ltr'><strong>ia</strong></span> <span class='ocrx_word' id='word_1_488' title='bbox 1377 3695 1689 3768; x_wconf 62' lang='lat' dir='ltr'><strong>dmctfflisdvssm</strong></span> <span class='ocrx_word' id='word_1_489' title='bbox 1711 3697 1901 3770; x_wconf 61' lang='grc' dir='ltr'><strong>Ρῐθρθδῑῐὶθᾱῐδ</strong></span> 
     </span>
     <span class='ocr_line' id='line_1_38' title="bbox 248 3785 1902 3867; baseline -0.002 -21"><span class='ocrx_word' id='word_1_490' title='bbox 248 3795 338 3846; x_wconf 86' lang='lat' dir='ltr'><strong>menta</strong></span> <span class='ocrx_word' id='word_1_491' title='bbox 374 3785 554 3858; x_wconf 75' lang='lat' dir='ltr'><strong>intelligenda</strong></span> <span class='ocrx_word' id='word_1_492' title='bbox 588 3797 668 3857; x_wconf 82' lang='lat' dir='ltr'><strong>scint,</strong></span> <span class='ocrx_word' id='word_1_493' title='bbox 705 3800 734 3846; x_wconf 89' lang='lat' dir='ltr'><strong>et</strong></span> <span class='ocrx_word' id='word_1_494' title='bbox 767 3801 865 3848; x_wconf 84' lang='lat' dir='ltr'><strong>caetera</strong></span> <span class='ocrx_word' id='word_1_495' title='bbox 893 3809 954 3865; x_wconf 80' lang='lat' dir='ltr'><strong>quac</strong></span> <span class='ocrx_word' id='word_1_496' title='bbox 988 3796 1047 3867; x_wconf 92' lang='lat' dir='ltr'><strong>lpse</strong></span> <span class='ocrx_word' id='word_1_497' title='bbox 1097 3791 1219 3859; x_wconf 83' lang='lat' dir='ltr'><strong>comedit,</strong></span> <span class='ocrx_word' id='word_1_498' title='bbox 1236 3791 1475 3862; x_wconf 77' lang='lat' dir='ltr'><strong>oaorrrortticeiat</strong></span> <span class='ocrx_word' id='word_1_499' title='bbox 1491 3794 1514 3846; x_wconf 87' lang='lat' dir='ltr'><strong>ei</strong></span> <span class='ocrx_word' id='word_1_500' title='bbox 1533 3792 1686 3858; x_wconf 80' lang='lat' dir='ltr'><strong>comedere,</strong></span> <span class='ocrx_word' id='word_1_501' title='bbox 1702 3791 1839 3861; x_wconf 67' lang='lat' dir='ltr'><strong>maedis</strong></span> <span class='ocrx_word' id='word_1_502' title='bbox 1856 3791 1902 3861; x_wconf 74' lang='lat' dir='ltr'><strong>qai</strong></span> 
     </span>
     <span class='ocr_line' id='line_1_39' title="bbox 247 3878 1903 3954; baseline 0.002 -18"><span class='ocrx_word' id='word_1_503' title='bbox 247 3883 312 3938; x_wconf 90' lang='lat' dir='ltr'><strong>lecit</strong></span> <span class='ocrx_word' id='word_1_504' title='bbox 333 3888 361 3936; x_wconf 87' lang='lat' dir='ltr'><strong>ot</strong></span> <span class='ocrx_word' id='word_1_505' title='bbox 385 3878 533 3937; x_wconf 87' lang='lat' dir='ltr'><strong>condidit:</strong></span> <span class='ocrx_word' id='word_1_506' title='bbox 557 3883 604 3938; x_wconf 84' lang='lat' dir='ltr'><strong>scd</strong></span> <span class='ocrx_word' id='word_1_507' title='bbox 627 3882 653 3937; x_wconf 86' lang='lat' dir='ltr'><strong>lii</strong></span> <span class='ocrx_word' id='word_1_508' title='bbox 674 3884 719 3953; x_wconf 81' lang='lat' dir='ltr'><strong>qui</strong></span> <span class='ocrx_word' id='word_1_509' title='bbox 732 3896 780 3954; x_wconf 88' lang='lat' dir='ltr'><strong>per</strong></span> <span class='ocrx_word' id='word_1_510' title='bbox 791 3883 890 3942; x_wconf 83' lang='lat' dir='ltr'><strong>Filium</strong></span> <span class='ocrx_word' id='word_1_511' title='bbox 902 3900 1045 3946; x_wconf 86' lang='lat' dir='ltr'><strong>accessum</strong></span> <span class='ocrx_word' id='word_1_512' title='bbox 1097 3900 1154 3941; x_wconf 83' lang='lat' dir='ltr'><strong>cam</strong></span> <span class='ocrx_word' id='word_1_513' title='bbox 1168 3898 1198 3941; x_wconf 90' lang='lat' dir='ltr'><strong>eo</strong></span> <span class='ocrx_word' id='word_1_514' title='bbox 1225 3895 1308 3953; x_wconf 74' lang='lat' dir='ltr'><strong>aare,</strong></span> <span class='ocrx_word' id='word_1_515' title='bbox 1324 3887 1376 3942; x_wconf 81' lang='lat' dir='ltr'><strong>aiei</strong></span> <span class='ocrx_word' id='word_1_516' title='bbox 1398 3885 1460 3942; x_wconf 80' lang='lat' dir='ltr'><strong>salic</strong></span> <span class='ocrx_word' id='word_1_517' title='bbox 1480 3883 1903 3941; x_wconf 66' lang='lat' dir='ltr'><strong>mendaciusiddcoulutan·</strong></span> 
     </span>
     <span class='ocr_line' id='line_1_40' title="bbox 248 3971 1901 4053; baseline 0.003 -24"><span class='ocrx_word' id='word_1_518' title='bbox 248 3971 396 4030; x_wconf 87' lang='lat' dir='ltr'><strong>babontad</strong></span> <span class='ocrx_word' id='word_1_519' title='bbox 411 3974 530 4041; x_wconf 81' lang='lat' dir='ltr'><strong>Patrem,</strong></span> <span class='ocrx_word' id='word_1_520' title='bbox 552 3985 579 4030; x_wconf 91' lang='lat' dir='ltr'><strong>ct</strong></span> <span class='ocrx_word' id='word_1_521' title='bbox 601 3983 666 4032; x_wconf 87' lang='lat' dir='ltr'><strong>ante</strong></span> <span class='ocrx_word' id='word_1_522' title='bbox 688 3975 820 4047; x_wconf 86' lang='lat' dir='ltr'><strong>rebelles,</strong></span> <span class='ocrx_word' id='word_1_523' title='bbox 840 3977 926 4036; x_wconf 81' lang='lat' dir='ltr'><strong>lieum</strong></span> <span class='ocrx_word' id='word_1_524' title='bbox 951 3993 1045 4053; x_wconf 85' lang='lat' dir='ltr'><strong>postca</strong></span> <span class='ocrx_word' id='word_1_525' title='bbox 1096 3981 1160 4037; x_wconf 90' lang='lat' dir='ltr'><strong>dam</strong></span> <span class='ocrx_word' id='word_1_526' title='bbox 1185 3981 1351 4037; x_wconf 88' lang='lat' dir='ltr'><strong>calumniam</strong></span> <span class='ocrx_word' id='word_1_527' title='bbox 1374 3979 1586 4048; x_wconf 77' lang='lat' dir='ltr'><strong>Pharisaeorum,</strong></span> <span class='ocrx_word' id='word_1_528' title='bbox 1611 3979 1713 4037; x_wconf 80' lang='lat' dir='ltr'><strong>veteris</strong></span> <span class='ocrx_word' id='word_1_529' title='bbox 1736 3978 1901 4036; x_wconf 73' lang='lat' dir='ltr'><strong>recordatur</strong></span> 
     </span>
     <span class='ocr_line' id='line_1_41' title="bbox 248 4058 1898 4146; baseline -0.006 -12"><span class='ocrx_word' id='word_1_530' title='bbox 248 4058 525 4135; x_wconf 81' lang='lat' dir='ltr'><strong>sentireeoeperunt.&#39;</strong></span> <span class='ocrx_word' id='word_1_531' title='bbox 1095 4073 1229 4144; x_wconf 80' lang='lat' dir='ltr'><strong>historiae,</strong></span> <span class='ocrx_word' id='word_1_532' title='bbox 1258 4073 1368 4146; x_wconf 82' lang='lat' dir='ltr'><strong>quando</strong></span> <span class='ocrx_word' id='word_1_533' title='bbox 1395 4071 1482 4130; x_wconf 82' lang='lat' dir='ltr'><strong>David</strong></span> <span class='ocrx_word' id='word_1_534' title='bbox 1496 4071 1605 4144; x_wconf 71' lang='lat' dir='ltr'><strong>lugiens</strong></span> <span class='ocrx_word' id='word_1_535' title='bbox 1630 4071 1754 4137; x_wconf 69' lang='lat' dir='ltr'><strong>Saulem</strong></span> <span class='ocrx_word' id='word_1_536' title='bbox 1775 4071 1855 4127; x_wconf 77' lang='lat' dir='ltr'><strong>canit</strong></span> <span class='ocrx_word' id='word_1_537' title='bbox 1872 4072 1898 4126; x_wconf 91' lang='lat' dir='ltr'><strong>io</strong></span> 
     </span>
    </p>

    <p class='ocr_par' dir='ltr' id='par_1_9' title="bbox 243 4159 1902 4889">
     <span class='ocr_line' id='line_1_42' title="bbox 282 4159 1902 4241; baseline 0.007 -26"><span class='ocrx_word' id='word_1_538' title='bbox 282 4159 316 4215; x_wconf 79' lang='lat' dir='ltr'><strong>lit</strong></span> <span class='ocrx_word' id='word_1_539' title='bbox 329 4177 404 4217; x_wconf 84' lang='lat' dir='ltr'><strong>aomo</strong></span> <span class='ocrx_word' id='word_1_540' title='bbox 425 4163 495 4217; x_wconf 85' lang='lat' dir='ltr'><strong>uouit</strong></span> <span class='ocrx_word' id='word_1_541' title='bbox 518 4160 617 4217; x_wconf 78' lang='lat' dir='ltr'><strong>Filiam</strong></span> <span class='ocrx_word' id='word_1_542' title='bbox 642 4163 692 4218; x_wconf 84' lang='lat' dir='ltr'><strong>uisi</strong></span> <span class='ocrx_word' id='word_1_543' title='bbox 717 4163 800 4220; x_wconf 81' lang='lat' dir='ltr'><strong>Pater</strong></span> <span class='ocrx_word' id='word_1_544' title='bbox 810 4181 821 4222; x_wconf 92' lang='grc'><strong>.·</strong></span> <span class='ocrx_word' id='word_1_545' title='bbox 833 4183 913 4240; x_wconf 81' lang='lat' dir='ltr'><strong>aequa</strong></span> <span class='ocrx_word' id='word_1_546' title='bbox 937 4166 1044 4226; x_wconf 87' lang='lat' dir='ltr'><strong>Patrem</strong></span> <span class='ocrx_word' id='word_1_547' title='bbox 1094 4169 1183 4239; x_wconf 76' lang='lat' dir='ltr'><strong>Nobe,</strong></span> <span class='ocrx_word' id='word_1_548' title='bbox 1198 4179 1226 4228; x_wconf 92' lang='lat' dir='ltr'><strong>et</strong></span> <span class='ocrx_word' id='word_1_549' title='bbox 1237 4170 1273 4227; x_wconf 88' lang='lat' dir='ltr'><strong>ab</strong></span> <span class='ocrx_word' id='word_1_550' title='bbox 1285 4168 1461 4226; x_wconf 82' lang='lat' dir='ltr'><strong>dobimeleclr</strong></span> <span class='ocrx_word' id='word_1_551' title='bbox 1474 4169 1616 4226; x_wconf 81' lang='lat' dir='ltr'><strong>sacerdote</strong></span> <span class='ocrx_word' id='word_1_552' title='bbox 1631 4179 1788 4241; x_wconf 77' lang='lat' dir='ltr'><strong>susceptas,</strong></span> <span class='ocrx_word' id='word_1_553' title='bbox 1804 4178 1902 4240; x_wconf 86' lang='lat' dir='ltr'><strong>postu·</strong></span> 
     </span>
     <span class='ocr_line' id='line_1_43' title="bbox 244 4251 1899 4334; baseline 0.002 -24"><span class='ocrx_word' id='word_1_554' title='bbox 244 4255 302 4321; x_wconf 82' lang='lat' dir='ltr'><strong>auia</strong></span> <span class='ocrx_word' id='word_1_555' title='bbox 324 4256 395 4309; x_wconf 85' lang='lat' dir='ltr'><strong>acuit</strong></span> <span class='ocrx_word' id='word_1_556' title='bbox 410 4257 461 4309; x_wconf 86' lang='lat' dir='ltr'><strong>rtiri</strong></span> <span class='ocrx_word' id='word_1_557' title='bbox 478 4251 575 4323; x_wconf 81' lang='lat' dir='ltr'><strong>Filios,</strong></span> <span class='ocrx_word' id='word_1_558' title='bbox 591 4264 616 4311; x_wconf 87' lang='lat' dir='ltr'><strong>at</strong></span> <span class='ocrx_word' id='word_1_559' title='bbox 630 4257 671 4312; x_wconf 88' lang='lat' dir='ltr'><strong>eui</strong></span> <span class='ocrx_word' id='word_1_560' title='bbox 686 4257 796 4314; x_wconf 78' lang='lat' dir='ltr'><strong>voluterit</strong></span> <span class='ocrx_word' id='word_1_561' title='bbox 810 4257 898 4316; x_wconf 77' lang='lat' dir='ltr'><strong>Filiae</strong></span> <span class='ocrx_word' id='word_1_562' title='bbox 913 4263 1042 4320; x_wconf 78' lang='lat' dir='ltr'><strong>revelare.</strong></span> <span class='ocrx_word' id='word_1_563' title='bbox 1095 4263 1161 4319; x_wconf 77' lang='lat' dir='ltr'><strong>lacit</strong></span> <span class='ocrx_word' id='word_1_564' title='bbox 1173 4263 1260 4332; x_wconf 88' lang='lat' dir='ltr'><strong>cibos,</strong></span> <span class='ocrx_word' id='word_1_565' title='bbox 1272 4260 1319 4334; x_wconf 85' lang='lat' dir='ltr'><strong>qrri</strong></span> <span class='ocrx_word' id='word_1_566' title='bbox 1329 4275 1393 4318; x_wconf 88' lang='lat' dir='ltr'><strong>euro</strong></span> <span class='ocrx_word' id='word_1_567' title='bbox 1405 4275 1490 4332; x_wconf 88' lang='lat' dir='ltr'><strong>panes</strong></span> <span class='ocrx_word' id='word_1_568' title='bbox 1507 4260 1593 4317; x_wconf 82' lang='lat' dir='ltr'><strong>laicos</strong></span> <span class='ocrx_word' id='word_1_569' title='bbox 1608 4275 1663 4316; x_wconf 85' lang='lat' dir='ltr'><strong>nan</strong></span> <span class='ocrx_word' id='word_1_570' title='bbox 1675 4259 1802 4327; x_wconf 79' lang='lat' dir='ltr'><strong>baberet,</strong></span> <span class='ocrx_word' id='word_1_571' title='bbox 1816 4259 1899 4317; x_wconf 88' lang='lat' dir='ltr'><strong>dedit</strong></span> 
     </span>
     <span class='ocr_line' id='line_1_44' title="bbox 244 4349 1899 4425; baseline 0.001 -19"><span class='ocrx_word' id='word_1_572' title='bbox 244 4349 399 4406; x_wconf 83' lang='lat' dir='ltr'><strong>Erubescat</strong></span> <span class='ocrx_word' id='word_1_573' title='bbox 420 4349 571 4406; x_wconf 83' lang='lat' dir='ltr'><strong>Eunomius</strong></span> <span class='ocrx_word' id='word_1_574' title='bbox 585 4359 689 4406; x_wconf 89' lang='lat' dir='ltr'><strong>tantam</strong></span> <span class='ocrx_word' id='word_1_575' title='bbox 702 4351 754 4408; x_wconf 88' lang='lat' dir='ltr'><strong>sibi</strong></span> <span class='ocrx_word' id='word_1_576' title='bbox 772 4353 898 4410; x_wconf 86' lang='lat' dir='ltr'><strong>notitiam</strong></span> <span class='ocrx_word' id='word_1_577' title='bbox 910 4354 999 4411; x_wconf 84' lang='lat' dir='ltr'><strong>Patris</strong></span> <span class='ocrx_word' id='word_1_578' title='bbox 1012 4366 1040 4412; x_wconf 90' lang='lat' dir='ltr'><strong>et</strong></span> <span class='ocrx_word' id='word_1_579' title='bbox 1094 4356 1119 4412; x_wconf 91' lang='lat' dir='ltr'><strong>ei</strong></span> <span class='ocrx_word' id='word_1_580' title='bbox 1131 4361 1318 4424; x_wconf 86' lang='lat' dir='ltr'><strong>consecratos,</strong></span> <span class='ocrx_word' id='word_1_581' title='bbox 1340 4353 1441 4425; x_wconf 82' lang='lat' dir='ltr'><strong>onibus</strong></span> <span class='ocrx_word' id='word_1_582' title='bbox 1454 4368 1509 4411; x_wconf 86' lang='lat' dir='ltr'><strong>non</strong></span> <span class='ocrx_word' id='word_1_583' title='bbox 1524 4353 1627 4411; x_wconf 84' lang='lat' dir='ltr'><strong>licebat</strong></span> <span class='ocrx_word' id='word_1_584' title='bbox 1645 4353 1717 4410; x_wconf 81' lang='lat' dir='ltr'><strong>vesci</strong></span> <span class='ocrx_word' id='word_1_585' title='bbox 1747 4353 1799 4409; x_wconf 90' lang='lat' dir='ltr'><strong>nisi</strong></span> <span class='ocrx_word' id='word_1_586' title='bbox 1824 4353 1899 4409; x_wconf 85' lang='lat' dir='ltr'><strong>solis</strong></span> 
     </span>
     <span class='ocr_line' id='line_1_45' title="bbox 244 4441 1901 4519; baseline 0 -18"><span class='ocrx_word' id='word_1_587' title='bbox 244 4443 320 4510; x_wconf 77' lang='lat' dir='ltr'><strong>Filii,</strong></span> <span class='ocrx_word' id='word_1_588' title='bbox 335 4450 465 4513; x_wconf 83' lang='lat' dir='ltr'><strong>quantam</strong></span> <span class='ocrx_word' id='word_1_589' title='bbox 479 4441 641 4497; x_wconf 88' lang='lat' dir='ltr'><strong>alterutrum</strong></span> <span class='ocrx_word' id='word_1_590' title='bbox 654 4444 725 4500; x_wconf 88' lang='lat' dir='ltr'><strong>imcr</strong></span> <span class='ocrx_word' id='word_1_591' title='bbox 736 4460 767 4500; x_wconf 86' lang='lat' dir='ltr'><strong>se</strong></span> <span class='ocrx_word' id='word_1_592' title='bbox 779 4445 908 4516; x_wconf 87' lang='lat' dir='ltr'><strong>babeant,</strong></span> <span class='ocrx_word' id='word_1_593' title='bbox 922 4457 936 4485; x_wconf 76' lang='lat'><em>²</em></span> <span class='ocrx_word' id='word_1_594' title='bbox 949 4447 1044 4504; x_wconf 86' lang='lat' dir='ltr'><strong>uendi·</strong></span> <span class='ocrx_word' id='word_1_595' title='bbox 1093 4450 1285 4506; x_wconf 90' lang='lat' dir='ltr'><strong>sacerdotibus</strong></span> <span class='ocrx_word' id='word_1_596' title='bbox 1300 4457 1328 4505; x_wconf 89' lang='lat' dir='ltr'><strong>et</strong></span> <span class='ocrx_word' id='word_1_597' title='bbox 1346 4447 1448 4505; x_wconf 79' lang='lat' dir='ltr'><strong>levitis.</strong></span> <span class='ocrx_word' id='word_1_598' title='bbox 1474 4449 1509 4504; x_wconf 82' lang='lat' dir='ltr'><strong>lit</strong></span> <span class='ocrx_word' id='word_1_599' title='bbox 1520 4448 1572 4504; x_wconf 86' lang='lat' dir='ltr'><strong>lroc</strong></span> <span class='ocrx_word' id='word_1_600' title='bbox 1581 4455 1689 4503; x_wconf 78' lang='lat' dir='ltr'><strong>mutum</strong></span> <span class='ocrx_word' id='word_1_601' title='bbox 1714 4447 1901 4519; x_wconf 78' lang='lat' dir='ltr'><strong>interrogauit</strong></span> 
     </span>
     <span class='ocr_line' id='line_1_46' title="bbox 243 4533 1900 4614; baseline 0.001 -20"><span class='ocrx_word' id='word_1_602' title='bbox 243 4551 320 4594; x_wconf 86' lang='lat' dir='ltr'><strong>cans.</strong></span> <span class='ocrx_word' id='word_1_603' title='bbox 336 4534 447 4602; x_wconf 82' lang='lat' dir='ltr'><strong>Quodsi</strong></span> <span class='ocrx_word' id='word_1_604' title='bbox 458 4533 521 4590; x_wconf 91' lang='lat' dir='ltr'><strong>inde</strong></span> <span class='ocrx_word' id='word_1_605' title='bbox 533 4534 685 4602; x_wconf 85' lang='lat' dir='ltr'><strong>contendit,</strong></span> <span class='ocrx_word' id='word_1_606' title='bbox 700 4546 729 4592; x_wconf 91' lang='lat' dir='ltr'><strong>et</strong></span> <span class='ocrx_word' id='word_1_607' title='bbox 740 4551 817 4592; x_wconf 88' lang='lat' dir='ltr'><strong>suam</strong></span> <span class='ocrx_word' id='word_1_608' title='bbox 827 4537 962 4594; x_wconf 89' lang='lat' dir='ltr'><strong>insaniam</strong></span> <span class='ocrx_word' id='word_1_609' title='bbox 979 4554 1041 4595; x_wconf 90' lang='lat' dir='ltr'><strong>con·</strong></span> <span class='ocrx_word' id='word_1_610' title='bbox 1092 4541 1116 4598; x_wconf 94' lang='lat' dir='ltr'><strong>si</strong></span> <span class='ocrx_word' id='word_1_611' title='bbox 1126 4551 1222 4600; x_wconf 86' lang='lat' dir='ltr'><strong>essent</strong></span> <span class='ocrx_word' id='word_1_612' title='bbox 1232 4541 1327 4599; x_wconf 91' lang='lat' dir='ltr'><strong>mundi</strong></span> <span class='ocrx_word' id='word_1_613' title='bbox 1343 4543 1419 4614; x_wconf 87' lang='lat' dir='ltr'><strong>pueri</strong></span> <span class='ocrx_word' id='word_1_614' title='bbox 1436 4558 1451 4597; x_wconf 89' lang='lat' dir='ltr'><strong>a</strong></span> <span class='ocrx_word' id='word_1_615' title='bbox 1469 4541 1653 4598; x_wconf 89' lang='lat' dir='ltr'><strong>mulieribus:</strong></span> <span class='ocrx_word' id='word_1_616' title='bbox 1670 4549 1699 4596; x_wconf 84' lang='lat' dir='ltr'><strong>ct</strong></span> <span class='ocrx_word' id='word_1_617' title='bbox 1712 4540 1762 4596; x_wconf 88' lang='lat' dir='ltr'><strong>illo</strong></span> <span class='ocrx_word' id='word_1_618' title='bbox 1776 4554 1900 4611; x_wconf 86' lang='lat' dir='ltr'><strong>respon-</strong></span> 
     </span>
     <span class='ocr_line' id='line_1_47' title="bbox 244 4613 1901 4705; baseline -0.002 -15"><span class='ocrx_word' id='word_1_619' title='bbox 244 4629 574 4701; x_wconf 82' lang='lat' dir='ltr'><strong>solatur,quiasoonitor</strong></span> <span class='ocrx_word' id='word_1_620' title='bbox 590 4627 922 4688; x_wconf 74' lang='lat' dir='ltr'><strong>:Etcaiooluerr&#39;rdiliur</strong></span> <span class='ocrx_word' id='word_1_621' title='bbox 941 4613 1196 4705; x_wconf 76' lang='lat' dir='ltr'><strong>recita-Doente,</strong></span> <span class='ocrx_word' id='word_1_622' title='bbox 1227 4636 1261 4693; x_wconf 89' lang='lat' dir='ltr'><strong>ab</strong></span> <span class='ocrx_word' id='word_1_623' title='bbox 1289 4636 1349 4693; x_wconf 83' lang='lat' dir='ltr'><strong>lteri</strong></span> <span class='ocrx_word' id='word_1_624' title='bbox 1373 4645 1401 4693; x_wconf 85' lang='lat' dir='ltr'><strong>et</strong></span> <span class='ocrx_word' id='word_1_625' title='bbox 1427 4634 1645 4702; x_wconf 80' lang='lat' dir='ltr'><strong>nudiustertius,</strong></span> <span class='ocrx_word' id='word_1_626' title='bbox 1679 4647 1733 4689; x_wconf 88' lang='lat' dir='ltr'><strong>non</strong></span> <span class='ocrx_word' id='word_1_627' title='bbox 1760 4632 1901 4688; x_wconf 81' lang='lat' dir='ltr'><strong>dubitauit</strong></span> 
     </span>
     <span class='ocr_line' id='line_1_48' title="bbox 243 4721 1899 4800; baseline 0.001 -22"><span class='ocrx_word' id='word_1_628' title='bbox 243 4742 282 4781; x_wconf 86' lang='lat' dir='ltr'><strong>re.</strong></span> <span class='ocrx_word' id='word_1_629' title='bbox 303 4721 553 4780; x_wconf 78' lang='lat' dir='ltr'><strong>Aliudestuaturac</strong></span> <span class='ocrx_word' id='word_1_630' title='bbox 568 4723 723 4794; x_wconf 67' lang='lat' dir='ltr'><strong>esqualitate</strong></span> <span class='ocrx_word' id='word_1_631' title='bbox 738 4735 819 4782; x_wconf 87' lang='lat' dir='ltr'><strong>nosse</strong></span> <span class='ocrx_word' id='word_1_632' title='bbox 834 4727 905 4797; x_wconf 82' lang='lat' dir='ltr'><strong>quod</strong></span> <span class='ocrx_word' id='word_1_633' title='bbox 918 4730 1039 4798; x_wconf 89' lang='lat' dir='ltr'><strong>noveris,</strong></span> <span class='ocrx_word' id='word_1_634' title='bbox 1093 4743 1179 4800; x_wconf 85' lang='lat' dir='ltr'><strong>panes</strong></span> <span class='ocrx_word' id='word_1_635' title='bbox 1207 4729 1287 4800; x_wconf 87' lang='lat' dir='ltr'><strong>darc,</strong></span> <span class='ocrx_word' id='word_1_636' title='bbox 1315 4728 1413 4786; x_wconf 86' lang='lat' dir='ltr'><strong>melios</strong></span> <span class='ocrx_word' id='word_1_637' title='bbox 1437 4728 1611 4794; x_wconf 86' lang='lat' dir='ltr'><strong>arbitratus,</strong></span> <span class='ocrx_word' id='word_1_638' title='bbox 1638 4724 1772 4796; x_wconf 86' lang='lat' dir='ltr'><strong>propbeta</strong></span> <span class='ocrx_word' id='word_1_639' title='bbox 1799 4723 1899 4780; x_wconf 86' lang='lat' dir='ltr'><strong>dicen·</strong></span> 
     </span>
     <span class='ocr_line' id='line_1_49' title="bbox 244 4813 1896 4889; baseline -0.005 -14"><span class='ocrx_word' id='word_1_640' title='bbox 244 4817 316 4876; x_wconf 90' lang='lat' dir='ltr'><strong>aliud</strong></span> <span class='ocrx_word' id='word_1_641' title='bbox 330 4817 474 4873; x_wconf 80' lang='lat' dir='ltr'><strong>revelantis</strong></span> <span class='ocrx_word' id='word_1_642' title='bbox 485 4817 651 4889; x_wconf 75' lang='lat' dir='ltr'><strong>dignatione.</strong></span> <span class='ocrx_word' id='word_1_643' title='bbox 1091 4829 1120 4877; x_wconf 85' lang='lat' dir='ltr'><strong>ta</strong></span> <span class='ocrx_word' id='word_1_644' title='bbox 1147 4837 1153 4874; x_wconf 94' lang='lat'><strong>:</strong></span> <span class='ocrx_word' id='word_1_645' title='bbox 1175 4819 1384 4876; x_wconf 75' lang='lat' dir='ltr'><strong>Misericordiam</strong></span> <span class='ocrx_word' id='word_1_646' title='bbox 1407 4817 1476 4886; x_wconf 82' lang='lat' dir='ltr'><strong>colo,</strong></span> <span class='ocrx_word' id='word_1_647' title='bbox 1502 4827 1526 4873; x_wconf 84' lang='lat' dir='ltr'><strong>et</strong></span> <span class='ocrx_word' id='word_1_648' title='bbox 1555 4831 1607 4872; x_wconf 84' lang='lat' dir='ltr'><strong>noa</strong></span> <span class='ocrx_word' id='word_1_649' title='bbox 1622 4814 1780 4884; x_wconf 75' lang='lat' dir='ltr'><strong>sacrificium</strong></span> <span class='ocrx_word' id='word_1_650' title='bbox 1801 4813 1896 4887; x_wconf 79' lang='lat' dir='ltr'><strong>(Osee,</strong></span> 
     </span>
    </p>

    <p class='ocr_par' dir='ltr' id='par_1_10' title="bbox 235 4906 1984 5826">
     <span class='ocr_line' id='line_1_50' title="bbox 278 4906 1896 4985; baseline -0.005 -17"><span class='ocrx_word' id='word_1_651' title='bbox 278 4911 368 4985; x_wconf 84' lang='lat' dir='ltr'><strong>(Vens.</strong></span> <span class='ocrx_word' id='word_1_652' title='bbox 382 4909 428 4981; x_wconf 71' lang='lat'><strong>28,</strong></span> <span class='ocrx_word' id='word_1_653' title='bbox 441 4910 500 4983; x_wconf 72' lang='lat' dir='ltr'><strong>ab.)</strong></span> <span class='ocrx_word' id='word_1_654' title='bbox 524 4911 617 4966; x_wconf 84' lang='lat' dir='ltr'><strong>Venite</strong></span> <span class='ocrx_word' id='word_1_655' title='bbox 629 4911 663 4966; x_wconf 84' lang='lat' dir='ltr'><strong>ad</strong></span> <span class='ocrx_word' id='word_1_656' title='bbox 679 4927 735 4981; x_wconf 89' lang='lat' dir='ltr'><strong>mc,</strong></span> <span class='ocrx_word' id='word_1_657' title='bbox 751 4916 895 4985; x_wconf 84' lang='lat' dir='ltr'><strong>omnesqui</strong></span> <span class='ocrx_word' id='word_1_658' title='bbox 915 4916 1039 4972; x_wconf 72' lang='lat' dir='ltr'><strong>tatararii</strong></span> <span class='ocrx_word' id='word_1_659' title='bbox 1091 4929 1130 4982; x_wconf 86' lang='grc' dir='ltr'><strong>ιι,</strong></span> <span class='ocrx_word' id='word_1_660' title='bbox 1146 4912 1186 4985; x_wconf 83' lang='grc'><strong>6),</strong></span> <span class='ocrx_word' id='word_1_661' title='bbox 1202 4912 1236 4969; x_wconf 89' lang='lat' dir='ltr'><strong>dc</strong></span> <span class='ocrx_word' id='word_1_662' title='bbox 1256 4913 1337 4967; x_wconf 87' lang='lat' dir='ltr'><strong>lamis</strong></span> <span class='ocrx_word' id='word_1_663' title='bbox 1361 4910 1486 4982; x_wconf 89' lang='lat' dir='ltr'><strong>periculo</strong></span> <span class='ocrx_word' id='word_1_664' title='bbox 1510 4909 1638 4964; x_wconf 80' lang='lat' dir='ltr'><strong>homines</strong></span> <span class='ocrx_word' id='word_1_665' title='bbox 1661 4906 1896 4977; x_wconf 68' lang='lat' dir='ltr'><strong>acarnaniam</strong></span> 
     </span>
     <span class='ocr_line' id='line_1_51' title="bbox 241 4997 1984 5081; baseline -0.003 -21"><span class='ocrx_word' id='word_1_666' title='bbox 241 5013 265 5060; x_wconf 87' lang='lat' dir='ltr'><strong>et</strong></span> <span class='ocrx_word' id='word_1_667' title='bbox 279 5005 379 5060; x_wconf 88' lang='lat' dir='ltr'><strong>caerati</strong></span> <span class='ocrx_word' id='word_1_668' title='bbox 399 5005 479 5059; x_wconf 85' lang='lat' dir='ltr'><strong>estis:</strong></span> <span class='ocrx_word' id='word_1_669' title='bbox 495 5014 519 5058; x_wconf 91' lang='lat' dir='ltr'><strong>et</strong></span> <span class='ocrx_word' id='word_1_670' title='bbox 542 5021 589 5078; x_wconf 73' lang='lat' dir='ltr'><strong>aaa</strong></span> <span class='ocrx_word' id='word_1_671' title='bbox 615 5007 731 5075; x_wconf 74' lang='lat' dir='ltr'><strong>reficiam</strong></span> <span class='ocrx_word' id='word_1_672' title='bbox 753 5023 807 5062; x_wconf 82' lang='lat' dir='ltr'><strong>cos.</strong></span> <span class='ocrx_word' id='word_1_673' title='bbox 834 5007 930 5064; x_wconf 79' lang='lat' dir='ltr'><strong>Tollite</strong></span> <span class='ocrx_word' id='word_1_674' title='bbox 948 5011 1039 5081; x_wconf 70' lang='lat' dir='ltr'><strong>jupam</strong></span> <span class='ocrx_word' id='word_1_675' title='bbox 1097 5004 1265 5062; x_wconf 79' lang='lat' dir='ltr'><strong>beoaaarra</strong></span> <span class='ocrx_word' id='word_1_676' title='bbox 1279 5005 1452 5060; x_wconf 73' lang='lat' dir='ltr'><strong>sacrificinm.</strong></span> <span class='ocrx_word' id='word_1_677' title='bbox 1470 5001 1564 5059; x_wconf 84' lang='lat' dir='ltr'><strong>llostia</strong></span> <span class='ocrx_word' id='word_1_678' title='bbox 1578 5000 1652 5057; x_wconf 88' lang='lat' dir='ltr'><strong>cuim</strong></span> <span class='ocrx_word' id='word_1_679' title='bbox 1664 4998 1805 5070; x_wconf 86' lang='lat' dir='ltr'><strong>placabilis</strong></span> <span class='ocrx_word' id='word_1_680' title='bbox 1821 4997 1895 5066; x_wconf 82' lang='lat' dir='ltr'><strong>Deo,</strong></span> <span class='ocrx_word' id='word_1_681' title='bbox 1983 5009 1984 5072; x_wconf 69' lang='lat' dir='ltr'>J</span> 
     </span>
     <span class='ocr_line' id='line_1_52' title="bbox 240 5091 1895 5171; baseline -0.005 -19"><span class='ocrx_word' id='word_1_682' title='bbox 240 5114 325 5154; x_wconf 81' lang='lat' dir='ltr'><strong>metim</strong></span> <span class='ocrx_word' id='word_1_683' title='bbox 338 5114 415 5170; x_wconf 83' lang='lat' dir='ltr'><strong>cuper</strong></span> <span class='ocrx_word' id='word_1_684' title='bbox 428 5113 472 5152; x_wconf 86' lang='lat' dir='ltr'><strong>cos</strong></span> <span class='ocrx_word' id='word_1_685' title='bbox 486 5106 530 5152; x_wconf 89' lang='lat' dir='ltr'><strong>:et</strong></span> <span class='ocrx_word' id='word_1_686' title='bbox 541 5098 631 5154; x_wconf 85' lang='lat' dir='ltr'><strong>dircite</strong></span> <span class='ocrx_word' id='word_1_687' title='bbox 644 5117 660 5153; x_wconf 91' lang='lat' dir='ltr'><strong>a</strong></span> <span class='ocrx_word' id='word_1_688' title='bbox 673 5116 712 5155; x_wconf 87' lang='lat' dir='ltr'><strong>me</strong></span> <span class='ocrx_word' id='word_1_689' title='bbox 731 5100 793 5171; x_wconf 82' lang='lat' dir='ltr'><strong>quio</strong></span> <span class='ocrx_word' id='word_1_690' title='bbox 807 5101 877 5154; x_wconf 80' lang='lat' dir='ltr'><strong>atitir</strong></span> <span class='ocrx_word' id='word_1_691' title='bbox 889 5117 947 5154; x_wconf 81' lang='lat' dir='ltr'><strong>sarra</strong></span> <span class='ocrx_word' id='word_1_692' title='bbox 959 5103 1038 5158; x_wconf 81' lang='lat' dir='ltr'><strong>etber-</strong></span> <span class='ocrx_word' id='word_1_693' title='bbox 1093 5099 1234 5156; x_wconf 88' lang='lat' dir='ltr'><strong>hominum</strong></span> <span class='ocrx_word' id='word_1_694' title='bbox 1246 5097 1320 5152; x_wconf 89' lang='lat' dir='ltr'><strong>salus</strong></span> <span class='ocrx_word' id='word_1_695' title='bbox 1330 5103 1382 5152; x_wconf 79' lang='lat' dir='ltr'><strong>cat.</strong></span> <span class='ocrx_word' id='word_1_696' title='bbox 1396 5095 1519 5167; x_wconf 80' lang='lat' dir='ltr'><strong>opponit</strong></span> <span class='ocrx_word' id='word_1_697' title='bbox 1532 5109 1599 5166; x_wconf 76' lang='lat' dir='ltr'><strong>ergo</strong></span> <span class='ocrx_word' id='word_1_698' title='bbox 1613 5093 1754 5158; x_wconf 81' lang='lat' dir='ltr'><strong>bantinus,</strong></span> <span class='ocrx_word' id='word_1_699' title='bbox 1765 5099 1793 5146; x_wconf 89' lang='lat' dir='ltr'><strong>et</strong></span> <span class='ocrx_word' id='word_1_700' title='bbox 1803 5091 1874 5146; x_wconf 90' lang='lat' dir='ltr'><strong>dicit</strong></span> <span class='ocrx_word' id='word_1_701' title='bbox 1887 5109 1895 5144; x_wconf 90' lang='lat'>:</span> 
     </span>
     <span class='ocr_line' id='line_1_53' title="bbox 241 5182 1895 5266; baseline -0.006 -18"><span class='ocrx_word' id='word_1_702' title='bbox 241 5193 310 5248; x_wconf 79' lang='lat' dir='ltr'><strong>ratiti</strong></span> <span class='ocrx_word' id='word_1_703' title='bbox 328 5191 405 5247; x_wconf 84' lang='lat' dir='ltr'><strong>cordo</strong></span> <span class='ocrx_word' id='word_1_704' title='bbox 423 5208 433 5246; x_wconf 91' lang='lat'><em>:</em></span> <span class='ocrx_word' id='word_1_705' title='bbox 453 5201 477 5246; x_wconf 89' lang='lat' dir='ltr'><strong>et</strong></span> <span class='ocrx_word' id='word_1_706' title='bbox 499 5193 632 5247; x_wconf 82' lang='lat' dir='ltr'><strong>iaoerrirtia</strong></span> <span class='ocrx_word' id='word_1_707' title='bbox 652 5195 766 5266; x_wconf 82' lang='lat' dir='ltr'><strong>reqrriem</strong></span> <span class='ocrx_word' id='word_1_708' title='bbox 786 5193 922 5248; x_wconf 70' lang='lat' dir='ltr'><strong>animabus</strong></span> <span class='ocrx_word' id='word_1_709' title='bbox 934 5198 1039 5252; x_wconf 76' lang='lat' dir='ltr'><strong>reatris.</strong></span> <span class='ocrx_word' id='word_1_710' title='bbox 1092 5191 1120 5247; x_wconf 91' lang='lat' dir='ltr'><strong>Si</strong></span> <span class='ocrx_word' id='word_1_711' title='bbox 1141 5199 1171 5246; x_wconf 93' lang='lat' dir='ltr'><strong>et</strong></span> <span class='ocrx_word' id='word_1_712' title='bbox 1184 5189 1273 5246; x_wconf 82' lang='lat' dir='ltr'><strong>Dauid</strong></span> <span class='ocrx_word' id='word_1_713' title='bbox 1286 5189 1340 5261; x_wconf 78' lang='grc'><strong>76</strong></span> <span class='ocrx_word' id='word_1_714' title='bbox 1360 5196 1472 5244; x_wconf 85' lang='lat' dir='ltr'><strong>sanctus</strong></span> <span class='ocrx_word' id='word_1_715' title='bbox 1483 5196 1536 5255; x_wconf 87' lang='lat' dir='ltr'><strong>est,</strong></span> <span class='ocrx_word' id='word_1_716' title='bbox 1558 5193 1588 5242; x_wconf 87' lang='lat' dir='ltr'><strong>ct</strong></span> <span class='ocrx_word' id='word_1_717' title='bbox 1600 5182 1780 5243; x_wconf 73' lang='lat' dir='ltr'><strong>Acirirttcleclr</strong></span> <span class='ocrx_word' id='word_1_718' title='bbox 1796 5183 1895 5254; x_wconf 82' lang='lat' dir='ltr'><strong>potiti-</strong></span> 
     </span>
     <span class='ocr_line' id='line_1_54' title="bbox 240 5279 1895 5360; baseline -0.005 -18"><span class='ocrx_word' id='word_1_719' title='bbox 240 5285 338 5342; x_wconf 82' lang='lat' dir='ltr'><strong>Graria</strong></span> <span class='ocrx_word' id='word_1_720' title='bbox 353 5300 437 5342; x_wconf 89' lang='lat' dir='ltr'><strong>onera</strong></span> <span class='ocrx_word' id='word_1_721' title='bbox 466 5299 526 5342; x_wconf 86' lang='lat' dir='ltr'><strong>esse</strong></span> <span class='ocrx_word' id='word_1_722' title='bbox 551 5287 666 5356; x_wconf 86' lang='lat' dir='ltr'><strong>pcccati,</strong></span> <span class='ocrx_word' id='word_1_723' title='bbox 697 5293 726 5343; x_wconf 88' lang='lat' dir='ltr'><strong>ct</strong></span> <span class='ocrx_word' id='word_1_724' title='bbox 745 5283 890 5343; x_wconf 82' lang='lat' dir='ltr'><strong>zacharias</strong></span> <span class='ocrx_word' id='word_1_725' title='bbox 906 5289 1037 5360; x_wconf 84' lang='lat' dir='ltr'><strong>propbeta</strong></span> <span class='ocrx_word' id='word_1_726' title='bbox 1090 5285 1134 5342; x_wconf 80' lang='lat' dir='ltr'><strong>lex</strong></span> <span class='ocrx_word' id='word_1_727' title='bbox 1161 5301 1175 5340; x_wconf 94' lang='lat' dir='ltr'><strong>a</strong></span> <span class='ocrx_word' id='word_1_728' title='bbox 1195 5284 1275 5340; x_wconf 82' lang='lat' dir='ltr'><strong>rabis</strong></span> <span class='ocrx_word' id='word_1_729' title='bbox 1293 5300 1347 5338; x_wconf 91' lang='lat' dir='ltr'><strong>non</strong></span> <span class='ocrx_word' id='word_1_730' title='bbox 1363 5281 1584 5355; x_wconf 76' lang='lat' dir='ltr'><strong>reprelienditur,</strong></span> <span class='ocrx_word' id='word_1_731' title='bbox 1612 5280 1662 5336; x_wconf 89' lang='lat' dir='ltr'><strong>sed</strong></span> <span class='ocrx_word' id='word_1_732' title='bbox 1677 5279 1759 5350; x_wconf 67' lang='lat' dir='ltr'><strong>legis</strong></span> <span class='ocrx_word' id='word_1_733' title='bbox 1771 5288 1895 5348; x_wconf 78' lang='lat' dir='ltr'><strong>aterque</strong></span> 
     </span>
     <span class='ocr_line' id='line_1_55' title="bbox 241 5372 1896 5448; baseline -0.005 -16"><span class='ocrx_word' id='word_1_734' title='bbox 241 5386 365 5446; x_wconf 85' lang='lat' dir='ltr'><strong>testatur,</strong></span> <span class='ocrx_word' id='word_1_735' title='bbox 378 5377 482 5444; x_wconf 88' lang='lat' dir='ltr'><strong>dicens,</strong></span> <span class='ocrx_word' id='word_1_736' title='bbox 497 5377 667 5448; x_wconf 86' lang='lat' dir='ltr'><strong>iniquitatem</strong></span> <span class='ocrx_word' id='word_1_737' title='bbox 681 5379 779 5435; x_wconf 87' lang='lat' dir='ltr'><strong>sedero</strong></span> <span class='ocrx_word' id='word_1_738' title='bbox 803 5395 886 5448; x_wconf 88' lang='lat' dir='ltr'><strong>super</strong></span> <span class='ocrx_word' id='word_1_739' title='bbox 903 5380 1036 5438; x_wconf 90' lang='lat' dir='ltr'><strong>talentum</strong></span> <span class='ocrx_word' id='word_1_740' title='bbox 1089 5375 1247 5434; x_wconf 86' lang='lat' dir='ltr'><strong>mandatum</strong></span> <span class='ocrx_word' id='word_1_741' title='bbox 1263 5375 1395 5448; x_wconf 89' lang='lat' dir='ltr'><strong>probabili</strong></span> <span class='ocrx_word' id='word_1_742' title='bbox 1412 5372 1760 5445; x_wconf 77' lang='lat' dir='ltr'><strong>excusatiorretransgressi</strong></span> <span class='ocrx_word' id='word_1_743' title='bbox 1774 5379 1852 5440; x_wconf 80' lang='lat' dir='ltr'><strong>sorra,</strong></span> <span class='ocrx_word' id='word_1_744' title='bbox 1865 5379 1896 5427; x_wconf 87' lang='lat' dir='ltr'><strong>et</strong></span> 
     </span>
     <span class='ocr_line' id='line_1_56' title="bbox 238 5465 1895 5548; baseline -0.005 -20"><span class='ocrx_word' id='word_1_745' title='bbox 238 5473 342 5539; x_wconf 85' lang='lat' dir='ltr'><strong>plumbi</strong></span> <span class='ocrx_word' id='word_1_746' title='bbox 355 5471 463 5543; x_wconf 81' lang='lat' dir='ltr'><strong>(Zarclt.</strong></span> <span class='ocrx_word' id='word_1_747' title='bbox 485 5471 523 5545; x_wconf 88' lang='grc' dir='ltr'><strong>ι).</strong></span> <span class='ocrx_word' id='word_1_748' title='bbox 542 5473 575 5528; x_wconf 82' lang='lat' dir='ltr'><strong>Et</strong></span> <span class='ocrx_word' id='word_1_749' title='bbox 586 5473 731 5528; x_wconf 82' lang='lat' dir='ltr'><strong>Psalmista</strong></span> <span class='ocrx_word' id='word_1_750' title='bbox 745 5473 898 5543; x_wconf 71' lang='lat' dir='ltr'><strong>comprimat</strong></span> <span class='ocrx_word' id='word_1_751' title='bbox 912 5473 1035 5548; x_wconf 77' lang='lat' dir='ltr'><strong>:laiqtri-</strong></span> <span class='ocrx_word' id='word_1_752' title='bbox 1089 5474 1176 5530; x_wconf 88' lang='lat' dir='ltr'><strong>lamas</strong></span> <span class='ocrx_word' id='word_1_753' title='bbox 1190 5473 1219 5529; x_wconf 89' lang='lat' dir='ltr'><strong>ia</strong></span> <span class='ocrx_word' id='word_1_754' title='bbox 1239 5472 1387 5536; x_wconf 83' lang='lat' dir='ltr'><strong>causaest,</strong></span> <span class='ocrx_word' id='word_1_755' title='bbox 1400 5487 1451 5526; x_wconf 88' lang='lat' dir='ltr'><strong>cnr</strong></span> <span class='ocrx_word' id='word_1_756' title='bbox 1463 5469 1587 5525; x_wconf 89' lang='lat' dir='ltr'><strong>camdem</strong></span> <span class='ocrx_word' id='word_1_757' title='bbox 1605 5468 1702 5536; x_wconf 76' lang='lat' dir='ltr'><strong>[amem</strong></span> <span class='ocrx_word' id='word_1_758' title='bbox 1718 5482 1772 5520; x_wconf 87' lang='lat' dir='ltr'><strong>nan</strong></span> <span class='ocrx_word' id='word_1_759' title='bbox 1785 5465 1895 5535; x_wconf 89' lang='lat' dir='ltr'><strong>proba-</strong></span> 
     </span>
     <span class='ocr_line' id='line_1_57' title="bbox 240 5557 1893 5641; baseline -0.005 -21"><span class='ocrx_word' id='word_1_760' title='bbox 240 5576 305 5622; x_wconf 86' lang='lat' dir='ltr'><strong>toter</strong></span> <span class='ocrx_word' id='word_1_761' title='bbox 318 5584 382 5624; x_wconf 80' lang='lat' dir='ltr'><strong>atem</strong></span> <span class='ocrx_word' id='word_1_762' title='bbox 402 5575 549 5640; x_wconf 75' lang='lat' dir='ltr'><strong>apprecatur</strong></span> <span class='ocrx_word' id='word_1_763' title='bbox 561 5578 620 5622; x_wconf 80' lang='lat' dir='ltr'><strong>serrat</strong></span> <span class='ocrx_word' id='word_1_764' title='bbox 634 5583 711 5639; x_wconf 80' lang='lat' dir='ltr'><strong>cuper</strong></span> <span class='ocrx_word' id='word_1_765' title='bbox 723 5581 762 5620; x_wconf 88' lang='lat' dir='ltr'><strong>me</strong></span> <span class='ocrx_word' id='word_1_766' title='bbox 773 5566 861 5637; x_wconf 81' lang='lat' dir='ltr'><strong>(Ptol.</strong></span> <span class='ocrx_word' id='word_1_767' title='bbox 877 5583 980 5636; x_wconf 80' lang='lat' dir='ltr'><strong>xxxvtr,</strong></span> <span class='ocrx_word' id='word_1_768' title='bbox 992 5568 1031 5641; x_wconf 88' lang='grc'><strong>6).</strong></span> <span class='ocrx_word' id='word_1_769' title='bbox 1088 5566 1123 5622; x_wconf 88' lang='lat' dir='ltr'><strong>tis</strong></span> <span class='ocrx_word' id='word_1_770' title='bbox 1146 5567 1172 5622; x_wconf 90' lang='lat' dir='ltr'><strong>in</strong></span> <span class='ocrx_word' id='word_1_771' title='bbox 1188 5566 1330 5638; x_wconf 87' lang='lat' dir='ltr'><strong>apostolis,</strong></span> <span class='ocrx_word' id='word_1_772' title='bbox 1350 5579 1433 5636; x_wconf 74' lang='lat' dir='ltr'><strong>quan</strong></span> <span class='ocrx_word' id='word_1_773' title='bbox 1457 5561 1578 5635; x_wconf 88' lang='lat' dir='ltr'><strong>probatis</strong></span> <span class='ocrx_word' id='word_1_774' title='bbox 1591 5562 1619 5616; x_wconf 87' lang='lat' dir='ltr'><strong>in</strong></span> <span class='ocrx_word' id='word_1_775' title='bbox 1642 5559 1769 5616; x_wconf 75' lang='lat' dir='ltr'><strong>caeteris?</strong></span> <span class='ocrx_word' id='word_1_776' title='bbox 1783 5557 1893 5626; x_wconf 84' lang='lat' dir='ltr'><strong>Quam·</strong></span> 
     </span>
     <span class='ocr_line' id='line_1_58' title="bbox 236 5649 1891 5732; baseline -0.005 -17"><span class='ocrx_word' id='word_1_777' title='bbox 236 5657 287 5715; x_wconf 90' lang='lat' dir='ltr'><strong>llcl</strong></span> <span class='ocrx_word' id='word_1_778' title='bbox 300 5667 375 5716; x_wconf 90' lang='lat' dir='ltr'><strong>certe</strong></span> <span class='ocrx_word' id='word_1_779' title='bbox 390 5669 438 5717; x_wconf 87' lang='lat' dir='ltr'><strong>eos</strong></span> <span class='ocrx_word' id='word_1_780' title='bbox 451 5661 496 5730; x_wconf 84' lang='lat' dir='ltr'><strong>oui</strong></span> <span class='ocrx_word' id='word_1_781' title='bbox 509 5658 671 5730; x_wconf 79' lang='lat' dir='ltr'><strong>gravissimo</strong></span> <span class='ocrx_word' id='word_1_782' title='bbox 689 5658 845 5732; x_wconf 71' lang='lat' dir='ltr'><strong>bagisiupo</strong></span> <span class='ocrx_word' id='word_1_783' title='bbox 867 5661 1031 5732; x_wconf 84' lang='lat' dir='ltr'><strong>prerrrcban·</strong></span> <span class='ocrx_word' id='word_1_784' title='bbox 1086 5671 1168 5732; x_wconf 81' lang='lat' dir='ltr'><strong>quam</strong></span> <span class='ocrx_word' id='word_1_785' title='bbox 1191 5667 1219 5714; x_wconf 88' lang='lat' dir='ltr'><strong>et</strong></span> <span class='ocrx_word' id='word_1_786' title='bbox 1246 5657 1273 5712; x_wconf 89' lang='lat' dir='ltr'><strong>in</strong></span> <span class='ocrx_word' id='word_1_787' title='bbox 1293 5656 1349 5713; x_wconf 92' lang='lat' dir='ltr'><strong>lroc</strong></span> <span class='ocrx_word' id='word_1_788' title='bbox 1362 5670 1459 5728; x_wconf 74' lang='lat' dir='ltr'><strong>magna</strong></span> <span class='ocrx_word' id='word_1_789' title='bbox 1473 5653 1601 5710; x_wconf 90' lang='lat' dir='ltr'><strong>distantia</strong></span> <span class='ocrx_word' id='word_1_790' title='bbox 1623 5651 1667 5708; x_wconf 90' lang='lat' dir='ltr'><strong>sit.</strong></span> <span class='ocrx_word' id='word_1_791' title='bbox 1688 5649 1738 5708; x_wconf 89' lang='lat' dir='ltr'><strong>lsti</strong></span> <span class='ocrx_word' id='word_1_792' title='bbox 1752 5649 1844 5721; x_wconf 86' lang='lat' dir='ltr'><strong>spicas</strong></span> <span class='ocrx_word' id='word_1_793' title='bbox 1861 5651 1891 5708; x_wconf 89' lang='lat' dir='ltr'><strong>in</strong></span> 
     </span>
     <span class='ocr_line' id='line_1_59' title="bbox 235 5744 1892 5826; baseline -0.002 -19"><span class='ocrx_word' id='word_1_794' title='bbox 235 5751 726 5826; x_wconf 76' lang='lat' dir='ltr'><strong>tur,adlieangeliiinuitatgratiam.</strong></span> <span class='ocrx_word' id='word_1_795' title='bbox 950 5747 953 5753; x_wconf 79' lang='grc'><strong>“</strong></span> <span class='ocrx_word' id='word_1_796' title='bbox 1086 5752 1200 5809; x_wconf 89' lang='lat' dir='ltr'><strong>sabbato</strong></span> <span class='ocrx_word' id='word_1_797' title='bbox 1228 5767 1309 5810; x_wconf 69' lang='lat' dir='ltr'><strong>mmo</strong></span> <span class='ocrx_word' id='word_1_798' title='bbox 1336 5750 1507 5819; x_wconf 86' lang='lat' dir='ltr'><strong>cealricam,</strong></span> <span class='ocrx_word' id='word_1_799' title='bbox 1536 5747 1676 5820; x_wconf 86' lang='lat' dir='ltr'><strong>illipaues</strong></span> <span class='ocrx_word' id='word_1_800' title='bbox 1703 5744 1892 5804; x_wconf 84' lang='lat' dir='ltr'><strong>comederunt</strong></span> 
     </span>
    </p>
   </div>
   <div class='ocr_carea' id='block_1_3' title="bbox 265 5863 704 5940">
    <p class='ocr_par' dir='ltr' id='par_1_11' title="bbox 265 5863 704 5940">
     <span class='ocr_line' id='line_1_60' title="bbox 265 5863 704 5940; baseline -0.005 -17"><span class='ocrx_word' id='word_1_801' title='bbox 265 5875 278 5904; x_wconf 82' lang='lat'><strong>¹</strong></span> <span class='ocrx_word' id='word_1_802' title='bbox 293 5863 382 5926; x_wconf 81' lang='lat' dir='ltr'><strong>Penes</strong></span> <span class='ocrx_word' id='word_1_803' title='bbox 396 5866 558 5939; x_wconf 77' lang='lat' dir='ltr'><strong>victorium,</strong></span> <span class='ocrx_word' id='word_1_804' title='bbox 568 5865 704 5940; x_wconf 79' lang='lat' dir='ltr'><strong>jactitaret.</strong></span> 
     </span>
    </p>
   </div>
   <div class='ocr_carea' id='block_1_4' title="bbox 0 0 2004 6334">
    <p class='ocr_par' dir='ltr' id='par_1_12' title="bbox 0 0 2004 6334">
     <span class='ocr_line' id='line_1_61' title="bbox 0 0 2004 6334; baseline 0 0"><span class='ocrx_word' id='word_1_805' title='bbox 0 0 2004 6334; x_wconf 95' lang='lat' dir='ltr'><strong> </strong></span> 
     </span>
    </p>
   </div>
  </div>
 </body>
</html>
