4000 6334
239 301 293 368 499
860 303 890 360 S.
913 295 1047 361 admunt
1066 294 1259 360 tltssnbrti'tit
1833 291 1888 356 itit

239 415 343 482 tinnient
358 422 467 494 penitus
480 410 644 491 salutantes,
669 408 717 475 sed
745 418 817 475 vires
836 417 986 475 sustinendi
1013 419 1039 474 iu
1054 421 1081 483 Α
1129 419 1221 490 (lars.
1234 417 1295 489 49.)
1307 415 1341 472 Et
1353 409 1489 490 conrsestim
1501 407 1624 472 accedens
1638 413 1673 471 cd
1686 409 1787 484 ierunt,
1801 416 1888 472 dicit:

243 516 442 576 tentationibus
455 515 645 586 deprecantes.
663 511 735 584 Engo
748 520 776 568 et
787 512 815 568 iu
835 512 1042 583 presentiarum
1093 509 1154 578 Ace,
1172 507 1263 564 iicbii.
1281 506 1512 565 cccccccccc
1528 526 1595 564 curro.
1611 507 1757 581 lnnpudcns
1778 508 1886 580 quidem

243 624 299 668 non
311 610 368 664 ait:
386 607 500 680 Viqiicte
521 616 545 662 et
558 613 645 674 orote,
659 620 692 660 ne
703 604 837 660 tentemini
846 620 857 672 ;
871 604 934 672 sed,
955 621 987 659 ne
999 605 1042 660 in·
1094 612 1123 659 et
1140 603 1273 660 scelerata
1297 603 1474 670 confidentia,
1501 603 1661 674 magistrum
1675 619 1788 675 nccare,
1804 613 1832 660 et
1846 589 1891 661 os·⁴

241 704 314 760 tretia
326 703 548 772 intentationem,
563 699 682 768 boccst,
694 699 855 756 netentatio
867 714 918 755 ros
931 705 1045 770 superet
1094 698 1187 756 culum
1211 698 1237 755 ei
1261 699 1399 770 ingerere,
1423 713 1504 768 quem
1524 695 1660 754 tradebat.
1674 696 1777 754 'lamen
1799 695 1893 754 adbuc

244 809 274 852 et
286 795 389 863 tinent,
401 801 431 851 et
441 808 490 850 tos
503 793 574 848 intra
589 805 682 849 casses
697 807 763 848 suos
776 800 876 849 teneat.
890 790 972 848 lierbi
984 807 1045 863 gra·
1095 791 1198 863 aliquid
1213 792 1296 849 babet
1309 793 1343 850 dc
1357 793 1522 850 uerecundia
1535 793 1672 864 discipuli,
1685 808 1748 849 cum
1759 808 1814 849 uon
1827 807 1890 850 curn

243 891 301 948 tia:
316 887 429 961 liartyr,
444 887 492 959 qui
505 900 555 959 pro
568 885 743 942 confessione
758 885 865 942 Domini
884 885 1043 956 sauguinem
1094 885 1183 956 pninrn
1197 886 1283 940 tradit
1298 887 1532 958 persecutoribus,
1550 886 1596 944 sed
1611 902 1659 958 per
1673 889 1779 958 siguum
1793 885 1891 942 osculi.

248 985 348 1054 lundit,
366 992 490 1040 tentatus
502 981 612 1054 quidem
635 991 694 1048 est;
716 980 764 1037 scd
787 981 968 1036 tentationum
987 977 1043 1052 [cii.
1095 977 1154 1033 licnc
1168 979 1425 1050 estsiguum,quod
1443 979 1534 1048 posuit
1548 979 1619 1034 bens
1639 979 1667 1033 iu
1687 977 1766 1044 Cain,
1782 993 1819 1034 ne
1831 975 1893 1048 qui·

246 1077 418 1152 tentationis]
431 1079 534 1134 retibus
547 1092 603 1131 uun
618 1076 726 1147 ligatur.
743 1075 794 1145 Qui
808 1081 898 1130 autem
912 1084 1003 1146 negat,
1016 1073 1044 1126 iu
1096 1087 1213 1142 cumque
1227 1073 1388 1136 intrauisset.
1403 1073 1641 1128 interliceretenm
1658 1069 1764 1141 (Genea.
1778 1070 1830 1142 tu).

250 1171 347 1244 pingas
357 1170 516 1227 tentationis
534 1169 660 1225 inncurrit.
1134 1164 1226 1237 (vens.
1242 1166 1303 1233 ott.)
1327 1165 1451 1236 Dixitque
1470 1164 1511 1218 iiii
1534 1162 1614 1218 iesus
1627 1179 1638 1219 .·
1650 1162 1747 1224 cimice.
1773 1162 1808 1216 od
1831 1161 1895 1234 quid

283 1262 400 1336 Spiritus
413 1261 520 1334 quidem
536 1268 671 1331 promptus
685 1267 739 1324 est,
752 1275 812 1314 cuno
827 1267 912 1313 cutem
926 1257 1042 1324 inirtnc.
1096 1257 1206 1312 centini?
1222 1255 1294 1311 Tutnc
1308 1267 1470 1312 accerserunt
1490 1265 1514 1311 et
1537 1271 1630 1310 nunnus
1649 1255 1793 1328 injecerunt
1809 1254 1838 1307 iu
1849 1253 1896 1308 Je-

168 1397 173 1404 .
253 1358 310 1412 lioc
321 1357 467 1411 adeersum
481 1354 653 1420 temerarius,
666 1352 712 1423 qui
726 1352 856 1422 quidquid
867 1349 1044 1417 ereditlerint,
1097 1365 1170 1416 suctu,
1183 1357 1352 1404 ettennerunt
1367 1365 1436 1404 eum.
1455 1347 1582 1412 Verbum,
1595 1346 1694 1413 Amice,
1709 1347 1753 1402 nei
1768 1349 1837 1402 κατὰ
1851 1348 1895 1402 ἀν·

253 1459 349 1520 pntaut
359 1463 389 1503 se
401 1461 483 1517 passe
496 1445 744 1516 consequiturque
758 1450 889 1515 ananttntu
902 1443 936 1497 de
948 1443 1047 1498 arduno
1098 1444 1218 1518 ciqpccm
1230 1441 1451 1512 intelligendum,
1461 1439 1504 1496 vei
1518 1451 1593 1496 certe
1606 1439 1682 1508 juata
1693 1438 1759 1506 iliud
1772 1439 1846 1511 qtuni
1856 1455 1898 1496 su-

249 1546 352 1601 mentis
366 1542 542 1608 cuntulidintus,
558 1549 664 1595 tautum
689 1541 723 1593 de
743 1540 833 1594 cannis
850 1536 994 1608 fragilitate
1011 1535 1046 1590 ti·
1100 1549 1149 1602 pra
1163 1535 1280 1604 legimus
1296 1552 1304 1592 ι
1320 1534 1419 1606 dentice,
1435 1533 1564 1606 quomodo
1577 1535 1629 1587 ituc
1645 1533 1761 1603 introiti,
1777 1551 1831 1588 nott
1850 1531 1898 1586 itc-

251 1651 385 1694 ntcamus.
407 1634 461 1691 sed
485 1644 575 1689 tanrnen
595 1635 670 1701 juxta
691 1631 869 1699 apaustuluns,
898 1632 925 1684 in
948 1630 1048 1699 spiritu
1100 1631 1160 1684 irene
1170 1639 1263 1683 uestem
1279 1628 1423 1696 nuptialem
1434 1626 1526 1700 (dicti.
1542 1643 1607 1692 xtttt,
1624 1626 1688 1698 titt

251 1730 345 1786 curnis
356 1743 438 1799 opera
453 1726 654 1782 tnurttbeantnr
667 1724 695 1794 (1
711 1722 783 1778 Pete.
798 1725 855 1791 ιιι).
1136 1722 1294 1792 (lensii.)
1305 1721 1338 1776 tic
1349 1739 1407 1778 ecce
1420 1739 1487 1776 unua
1498 1737 1531 1776 ea
1544 1720 1597 1786 itis,
1609 1721 1654 1792 qui
1663 1730 1737 1776 eront
1751 1736 1810 1776 cttm
1820 1719 1898 1787 deso,

288 1821 379 1895 (iens.
397 1820 454 1890 ii.)
468 1821 568 1873 iterum
583 1816 698 1872 secundo
711 1816 773 1869 cinit
788 1828 811 1870 et
826 1815 925 1879 oront,
941 1814 1048 1869 dicens:
1064 1815 1182 1888 3222
1195 1814 1335 1870 extendens
1350 1829 1458 1868 monum
1468 1813 1560 1868 eremit
1573 1813 1691 1887 qiudiunt
1703 1829 1789 1876 suunt,
1801 1822 1827 1867 et
1838 1828 1899 1881 per-

252 1913 335 1972 Puter
349 1914 404 1980 mi,
420 1913 442 1967 si
464 1928 514 1966 non
535 1921 617 1983 potest
637 1909 679 1963 iric
698 1910 768 1963 cclix
782 1908 893 1962 trcntsire
903 1907 953 1961 ntisi
966 1906 1052 1960 bibunt
1103 1909 1202 1962 cutiens
1215 1923 1315 1961 sernum
1331 1906 1456 1977 principit
1468 1905 1649 1974 accederem,
1665 1905 1812 1977 amputauit
1828 1907 1901 1960 curi·

253 2009 341 2074 ilium,
358 2007 405 2075 fici
425 2003 543 2059 uoluntas
558 2015 614 2057 tuo.
630 2001 759 2058 sccuncto
772 2012 844 2069 orat,
867 2015 896 2054 uc
913 2001 936 2053 si
955 1999 1052 2054 ttiutve
1103 2003 1188 2056 cuium
1204 2003 1272 2072 ejus.
1289 1999 1318 2057 itt
1334 1999 1388 2054 aiio
1403 1999 1570 2068 craugciista
1585 1997 1641 2072 [Al.
1656 1995 1817 2071 Emungeiio]
1835 1998 1901 2052 scri·

253 2101 334 2157 aliter
346 2099 448 2155 saivari
460 2116 514 2152 num
531 2105 631 2167 potest,
647 2097 699 2152 nisi
714 2095 819 2150 aruerit
834 2091 984 2158 cucurbita,
1008 2091 1052 2146 ttat
1103 2103 1179 2164 ptuut
1195 2100 1253 2156 est,
1268 2091 1339 2163 qtrcd
1354 2090 1451 2147 Petrus
1477 2090 1530 2147 buc
1554 2091 1667 2159 iecerit,
1686 2089 1783 2146 ecdem
1802 2090 1903 2145 rrneutis

258 2195 384 2248 ucnittntas
398 2193 507 2260 Patris,
523 2207 583 2261 quae
605 2207 658 2244 unu
676 2198 718 2244 cst
731 2191 865 2244 curntnaria
881 2187 939 2242 Fniii
957 2188 1053 2240 venitm-
1105 2185 1203 2239 ardttre
1217 2200 1273 2254 quu
1295 2195 1405 2240 caetera.
1420 2183 1521 2238 Seruus
1545 2197 1653 2252 qunque
1666 2182 1794 2252 principis
1808 2195 1903 2237 sacer-

256 2288 314 2351 tuti,
328 2283 437 2340 dicente
448 2285 509 2351 ipsu
523 2299 571 2353 per
585 2283 767 2352 proplietam:
786 2279 819 2335 Ut
835 2280 947 2352 [caerem
960 2277 1052 2332 uoiuu·
1106 2279 1200 2332 dutum
1222 2275 1343 2330 dicicitur
1358 2277 1511 2347 appellatur
1524 2275 1577 2349 [eii.
1592 2274 1790 2350 appellabatur]
1805 2293 1814 2330 t
1829 2275 1904 2330 attri-

216 2378 219 2384 '
256 2388 335 2433 tutem
355 2391 437 2443 tuum,
454 2375 526 2430 lictu
539 2392 620 2435 uncus.
636 2375 704 2429 nolui
718 2373 778 2447 (Pa.
796 2389 888 2434 xanta.
900 2370 939 2443 9).
1106 2373 1165 2425 cuin
1181 2385 1243 2442 quae
1254 2379 1421 2440 amputatur,
1432 2367 1545 2425 dextera
1557 2378 1609 2426 est.
1626 2369 1793 2425 Transitorio
1810 2369 1906 2425 diceu-

292 2471 384 2544 (l'ers.
397 2471 442 2537 45,
459 2468 520 2537 44.)
536 2468 570 2523 Et
583 2469 650 2522 uenit
661 2469 769 2534 iterum,
786 2475 810 2521 et
823 2467 921 2522 int-enit
935 2481 978 2519 eos
994 2463 1056 2518 dor·
1106 2466 1188 2524 clrun.
1204 2463 1276 2535 quod
1293 2463 1426 2528 dicicitur,
1445 2464 1469 2518 td
1492 2476 1551 2530 est,
1566 2480 1612 2518 res
1632 2464 1768 2534 unstradam
1787 2463 1906 2534 populus

256 2566 375 2626 mienues.
398 2562 480 2616 Erunt
497 2562 566 2617 enim
581 2561 649 2616 osuii
677 2576 767 2615 eorunt
785 2561 894 2630 qrcocti.
911 2556 945 2612 Et
960 2555 1056 2612 reiictt's
1107 2559 1275 2621 diuinorum,
1286 2571 1382 2613 sertus
1394 2556 1480 2611 iactus
1495 2555 1530 2611 sit
1541 2555 1688 2624 impietatis
1700 2567 1728 2611 et
1746 2557 1906 2612 devoratio·

259 2657 325 2724 iliis,
340 2659 434 2710 iterum
448 2654 521 2716 odiit,
538 2665 561 2708 et
579 2655 660 2708 orcoit
673 2652 764 2716 tertio,
778 2651 897 2705 eumdem
914 2663 1057 2703 rennuentem
1109 2653 1150 2707 uis
1165 2650 1346 2706 sucenduturu.
1366 2649 1564 2720 benteraruque
1577 2649 1727 2718 perdum-it
1742 2649 1905 2714 auriculam,

258 2750 357 2805 dicens.
373 2748 454 2802 sulus
469 2754 531 2802 urat
546 2763 595 2813 pro
607 2743 746 2811 omnibus,
762 2743 834 2797 sicut
852 2753 878 2796 et
897 2741 972 2794 sulus
985 2738 1056 2808 pati·
1108 2742 1162 2800 utb
1178 2754 1261 2800 totatn
1278 2744 1376 2799 litterae
1400 2744 1532 2798 uilitatem
1554 2743 1646 2797 audiat
1660 2741 1688 2797 in
1704 2743 1841 2798 sinistra:
1858 2743 1906 2798 sed

259 2852 303 2899 tur
319 2842 400 2913 221
422 2855 470 2910 pru
496 2837 641 2893 uniuersis.
666 2835 890 2906 languescebant
914 2846 1004 2886 autent
1030 2838 1059 2885 et
1111 2837 1241 2891 ilunniuus
1261 2837 1286 2890 in
1303 2834 1363 2902 itis,
1388 2835 1432 2905 qui
1449 2850 1482 2890 ex
1497 2833 1600 2890 iudans
1615 2834 1727 2891 credere
1746 2834 1906 2900 valuernut,

260 2937 490 3005 (lqrpt'ttttebattiut'
504 2930 691 3000 apustninrum
707 2927 779 2982 vettii
796 2925 941 2997 negatione
956 2925 1056 2979 licina.
1109 2929 1227 2986 fetiditlil
1249 2944 1343 2983 alitem
1367 2927 1503 2995 delirant,
1520 2938 1547 2983 et
1561 2929 1625 2983 [ecit
1636 2941 1744 2984 servum
1757 2943 1843 2999 genus
1862 2942 1907 2984 re·

296 3025 387 3100 (lens.
400 3022 463 3093 45.)
477 3022 551 3077 Tunc
568 3021 637 3076 venit
655 3021 690 3075 cd
709 3018 853 3091 discipulos
868 3035 944 3082 atros,
958 3029 982 3072 et
994 3016 1058 3072 dicit
1109 3023 1169 3094 gnie
1182 3031 1209 3077 el
1221 3020 1403 3077 sacerdotale.

257 3116 313 3172 iiiia
327 3131 337 3170 .·
353 3114 471 3169 Dorcuite
480 3116 552 3186 jann,
566 3124 592 3168 et
603 3113 755 3184 reqtcicscite
769 3128 777 3165 :
789 3128 846 3166 ecce
860 3113 1057 3183 appropinquo·
1148 3115 1238 3189 (vers,
1253 3113 1312 3186 δί)
1327 3113 1399 3170 Tunc
1413 3115 1450 3170 cit
1473 3115 1514 3169 illi
1533 3114 1631 3170 Jecur:
1650 3112 1775 3169 conciente
1788 3114 1909 3188 gladium

261 3212 294 3263 nit
311 3211 387 3274 itorc,
402 3215 427 3260 et
437 3204 524 3261 Fiiinr
536 3204 648 3261 bonrinis
662 3205 777 3260 trudetur
792 3207 818 3259 iu
834 3221 925 3258 tttonus
942 3213 1058 3276 peccatu·
1074 3188 1097 3253 C
1113 3220 1184 3263 unnim
1198 3209 1224 3262 lu
1239 3206 1323 3262 iocum
1336 3222 1420 3262 auum.
1438 3207 1533 3263 limacea
1553 3208 1621 3263 euim
1635 3209 1681 3280 qui
1692 3209 1840 3280 occeperint
1852 3211 1911 3282 gio·

260 3317 319 3356 econ
336 3295 445 3372 (Mettis
468 3313 534 3353 nutu
556 3307 585 3353 et
602 3297 625 3352 tt
640 3295 700 3352 Coe.
726 3297 795 3366 nnnc).
814 3297 959 3366 Postquam
979 3295 1059 3350 tertio
1110 3301 1195 3369 dium,
1207 3300 1297 3374 plodio
1310 3301 1444 3368 periberet.
1460 3301 1494 3356 Et
1517 3301 1540 3356 si
1564 3315 1617 3356 uon
1630 3302 1729 3357 irustra
1745 3309 1839 3374 portat
1852 3303 1911 3374 gia·

264 3403 409 3456 oraverat,
426 3401 453 3445 nt
469 3390 496 3443 iu
509 3406 556 3444 ure
569 3390 684 3444 duonum
696 3391 738 3444 cei
755 3389 835 3444 triuut
854 3388 961 3443 testium
974 3397 1062 3443 staret
1110 3395 1205 3459 aliurn,
1227 3393 1273 3462 qui
1293 3395 1365 3448 nitor
1385 3393 1531 3449 itotuinicae
1554 3392 1602 3448 irae
1616 3395 1720 3465 positus
1733 3393 1814 3449 estin
1830 3408 1909 3462 enm,

263 3499 345 3539 onnnne
361 3483 491 3547 terbum,
516 3491 545 3537 et
571 3480 758 3552 apostolorum
784 3482 909 3538 timorem
936 3482 1061 3552 sequenti
1111 3487 1157 3556 qui
1182 3486 1282 3539 malunt
1297 3498 1427 3554 operatur
1442 3503 1449 3540 :
1467 3493 1585 3542 attamen
1601 3486 1765 3558 quicumque
1787 3485 1911 3558 gladium

261 3577 422 3648 prenniteutia
445 3576 643 3646 impetraverat
656 3574 862 3645 corrigendum,
888 3589 1002 3630 securus
1026 3575 1061 3630 dc
1111 3577 1274 3646 rtnrnrpserit,
1291 3574 1384 3647 gladio
1398 3577 1507 3647 peribit.
1523 3577 1583 3646 Quo
1604 3577 1716 3648 gladio?
1743 3577 1791 3635 llic
1812 3595 1912 3652 nempe

263 3669 393 3741 passione
407 3681 455 3722 sna
471 3669 561 3739 pergit
574 3667 606 3722 ad
627 3677 829 3739 persecutores,
841 3679 868 3720 et
882 3667 954 3723 uitro
970 3683 1001 3723 se
1017 3667 1060 3723 in·
1112 3672 1156 3740 qui
1179 3670 1274 3740 igneus
1295 3669 1413 3725 uertitur
1433 3679 1495 3726 ante
1516 3670 1670 3743 paradisum
1683 3669 1790 3744 (Genea.
1806 3672 1849 3745 ιιι)
1863 3691 1870 3728 :
1885 3683 1914 3729 et

261 3762 451 3820 tariicieudum
467 3761 579 3832 praebet,
596 3759 717 3830 dicitque
728 3759 869 3830 discipulis
883 3763 963 3816 suis:
1112 3762 1202 3832 gladio
1229 3762 1357 3832 spiritus,
1381 3763 1427 3834 qui
1452 3763 1480 3818 in
1513 3761 1562 3819 liei
1587 3762 1752 3822 describitur
1771 3775 1913 3822 armatura

299 3855 390 3930 (Vens.
401 3855 449 3920 46,
465 3851 526 3924 ii.)
539 3851 656 3923 Sospite,
666 3867 770 3914 eamus,
785 3867 844 3906 ecce
866 3851 1063 3923 appropinquo·
1113 3853 1224 3928 (epten.
1239 3855 1287 3925 vt).

262 3950 297 4004 eit
311 3949 357 4021 qni
368 3963 410 4002 me
425 3946 521 4002 trudet.
536 3945 629 4000 Aditus
644 3961 674 4000 eo
686 3944 814 4016 loquente,
826 3943 980 3999 eccedudot
995 3963 1063 4001 uncta
1150 3948 1242 4020 (iera.
1259 3949 1304 4015 55,
1321 3949 1380 4021 54.)
1394 3950 1435 4004 nin
1449 3957 1525 4019 putas
1537 3950 1600 4021 quio
1622 3968 1674 4006 nou
1693 3968 1800 4026 potrum
1817 3969 1914 4024 roqure

263 4042 296 4097 de
306 4039 445 4095 duodecim
458 4039 540 4105 uento,
560 4047 584 4092 et
598 4054 658 4092 cum
668 4054 699 4092 eo
710 4037 786 4091 tunic
796 4039 880 4092 multo
892 4054 950 4092 cum
965 4038 1064 4113 qicdiis
1115 4037 1223 4095 Putrem
1237 4056 1331 4107 mcum,
1359 4048 1384 4094 et
1414 4039 1543 4096 exhibebit
1566 4043 1631 4097 milti
1652 4043 1728 4098 modo
1747 4043 1807 4117 pins
1833 4063 1915 4116 qnunr

263 4146 290 4190 et
303 4134 427 4206 fertilius,
439 4132 510 4186 misai
522 4149 538 4184 c
548 4131 709 4202 principibus
723 4131 897 4196 sacerdotnm,
911 4143 936 4186 et
950 4133 1063 4188 senieri·
1115 4131 1251 4185 duodecim
1268 4130 1380 4202 ieqiones
1402 4133 1555 4205 cnqeiorunt
1566 4133 1579 4189 i
1592 4133 1728 4198 Qrtoutodo
1742 4152 1802 4207 erqo
1817 4134 1915 4208 impie-

264 4233 311 4281 lna
326 4225 427 4297 popuii.
447 4223 487 4279 Ne
505 4238 556 4279 uus
569 4223 710 4278 inreuiaut
726 4222 804 4293 quasi
816 4225 944 4278 timeulcs
957 4233 985 4280 et
996 4233 1009 4262 ⁸
1021 4241 1065 4280 rc·
1115 4223 1211 4277 ittuntur
1225 4221 1393 4294 Scripterce:
1409 4225 1470 4293 quio
1487 4224 1526 4278 sio
1541 4233 1640 4296 oportet
1658 4225 1735 4296 fieti?
1756 4226 1815 4282 Non
1840 4228 1916 4283 indi-

266 4320 417 4387 traitentes,
435 4318 507 4372 ultro
524 4332 671 4388 pergarnus
685 4316 719 4371 ad
736 4327 864 4384 mortem,
882 4326 910 4372 ut
921 4318 1063 4375 coniitleu-
1115 4331 1165 4387 geu
1181 4314 1323 4370 duodecim
1350 4316 1537 4385 apostolorum
1562 4317 1673 4385 ³¹¹¹⁵¹l0s
1694 4318 1801 4374 eliifflii
1817 4335 1917 4375 ⁰sst¹¹es

266 4421 331 4469 tcum
344 4419 372 4468 et
382 4410 511 4482 gaudium
529 4408 639 4479 passuri
656 4408 775 4463 rideant.
1117 4423 1160 4461 tnnc
1174 4405 1360 4474 defenderent,
1375 4410 1420 4477 qui
1433 4422 1543 4478 possunt
1556 4407 1660 4465 babere
1671 4409 1814 4467 duodecim
1829 4413 1920 4484 legio-

304 4505 396 4576 (lens.
412 4500 472 4574 d8.)
489 4501 540 4567 Qui
562 4509 646 4554 cutem
662 4500 772 4554 tradidit
783 4517 852 4569 eum,
868 4501 938 4555 dedit
949 4500 1066 4573 iiiissiq·
1118 4521 1166 4558 nes
1182 4501 1296 4572 angelici
1322 4503 1470 4559 exercitus.
1489 4503 1545 4559 lina
1562 4504 1631 4574 legio
1653 4505 1723 4575 apud
1739 4517 1845 4562 ueteres
1866 4523 1917 4562 ccx

268 4613 341 4661 tntum,
355 4594 444 4650 dicens
461 4609 470 4647 :
488 4593 679 4664 Quemcumque
692 4591 824 4648 osculetur
839 4598 927 4663 suro,
943 4595 999 4665 ipse
1012 4607 1063 4663 eet,
1078 4572 1107 4637 Ῑ)
1120 4595 1239 4649 millibus
1253 4594 1440 4665 complebatur
1455 4594 1607 4651 itomiuuru.
1622 4597 1673 4651 Pro
1688 4599 1821 4655 brevitate
1837 4608 1919 4656 tem-

269 4697 353 4743 tenete
364 4703 433 4741 mm.
447 4685 530 4743 liisen·
544 4685 641 4753 ludas,
663 4696 691 4740 et
711 4693 801 4742 tannncn
817 4703 870 4741 ttun
890 4688 1064 4760 miserabilis,
1119 4689 1192 4758 punis
1205 4697 1216 4726 ⁰
1229 4702 1372 4742 numerum
1400 4703 1454 4742 non
1474 4688 1644 4744 occurrimus
1665 4690 1811 4761 explicare,
1835 4701 1919 4765 typos

268 4779 366 4836 endem
377 4777 555 4844 iussdeiitatc,
571 4793 624 4848 qna
636 4778 796 4848 magistrum
811 4788 839 4833 et
855 4777 997 4835 bcnrrtiuum
1009 4792 1066 4836 tra·
1120 4791 1222 4835 tautum
1237 4780 1340 4836 dixisse
1354 4777 1473 4835 suiiiciat
1485 4798 1491 4835 :
1505 4782 1675 4852 septuaginta
1691 4782 1745 4836 duo
1760 4781 1843 4838 miliia
1863 4801 1918 4840 an-

268 4875 348 4941 didit,
362 4873 474 4944 putabat
485 4872 576 4942 signa,
589 4888 650 4942 qun.
662 4871 836 4928 salvatorem
847 4874 953 4930 uiderat
963 4874 1065 4932 iacicn-
1117 4877 1254 4945 gaiorum,
1272 4872 1300 4929 iu
1315 4881 1381 4943 quot
1393 4880 1490 4943 gentes
1503 4872 1642 4929 bominum
1659 4875 1749 4946 lingua
1759 4875 1843 4931 diuisa
1860 4887 1917 4946 est,

165 5032 167 5035 ⁵
269 4980 336 5029 tctu.
349 4980 403 5022 non
415 4965 557 5036 majestate
569 4966 672 5034 divina,
684 4966 732 5021 sed
745 4968 858 5037 magicis
868 4970 975 5025 artibus
986 4973 1065 5027 iacta.
1118 4966 1262 5023 duodecim
1277 4965 1431 5036 legionibus
1448 4964 1518 5021 lieni.
1530 4965 1654 5038 Sequens
1668 4971 1803 5026 sententia
1821 4985 1919 5042 prom-

268 5060 302 5116 lit
315 5057 380 5128 quia
393 5071 455 5112 cttnt
466 5058 539 5112 iorte
548 5055 674 5111 audierat
688 5059 716 5112 lu
729 5065 821 5113 moute
832 5063 1064 5132 trausiiguratum,
1120 5069 1194 5130 ptum
1210 5061 1242 5114 ad
1260 5059 1415 5128 patiendum
1430 5059 1601 5115 demonstrat
1614 5060 1747 5132 animum,
1760 5063 1832 5136 quod
1844 5063 1920 5122 frus·

269 5152 384 5207 timebat
398 5164 434 5204 ne
446 5149 532 5205 simili
548 5149 792 5210 transformatiuue
807 5148 963 5208 elaberetur
978 5172 994 5209 e
1009 5171 1067 5210 tna·
1119 5165 1159 5208 tra
1183 5151 1326 5222 prophete
1349 5152 1516 5218 cecinerint,
1544 5153 1595 5208 uisi
1617 5153 1747 5222 Dominus
1773 5172 1820 5214 eus
1849 5173 1921 5216 vere

267 5246 348 5300 uibus
370 5243 570 5298 ministrorum.
595 5242 646 5296 liat
665 5256 731 5312 ergo
745 5242 865 5312 signum,
881 5251 911 5299 ut
924 5245 1012 5301 sciunt
1027 5246 1067 5318 ip-
1118 5244 1235 5310 dixisse,
1249 5243 1376 5315 passione
1395 5257 1443 5298 sua
1460 5246 1617 5302 asseruerit.

266 5352 327 5392 actm
343 5350 417 5401 esse,
433 5350 515 5404 quem
530 5333 626 5390 osculo
639 5333 850 5390 demonstraret.
1155 5337 1246 5412 (Vens.
1266 5335 1325 5408 55.)
1340 5335 1376 5391 ln
1389 5335 1438 5392 iiio
1451 5334 1518 5391 isonc
1528 5335 1596 5392 dicit
1614 5337 1692 5394 dane
1709 5341 1793 5397 tandin
1809 5357 1818 5398 :
1837 5341 1923 5398 Tum·

265 5524 327 5585 parf.
343 5525 370 5578 ῑη
386 5523 484 5592 paulun
504 5536 600 5585 crunt,
616 5519 657 5573 lit.
677 5522 698 5578 i,
714 5529 740 5573 et
766 5520 902 5574 inculinusii
918 5521 952 5575 du
969 5523 1066 5578 Sztcrn-
1155 5525 1168 5562 b
1184 5523 1387 5582 l‘uintintintsc,
1401 5520 1780 5578 rctnotcutlittenuoiiitctcm:
1794 5535 1921 5584 accentu

268 5598 367 5653 unicurtis
383 5594 429 5648 tiu.
444 5609 470 5647 ι.
1121 5607 1288 5665 putrentium
1310 5593 1360 5646 inoc
1378 5596 1488 5646 recinunt
1511 5594 1697 5662 reponendum
1711 5595 1760 5649 tuit
1778 5611 1827 5668 pro
1841 5599 1922 5653 utiti-

305 5683 315 5705 2¹
328 5665 468 5723 Rescriitit
479 5663 585 5721 lictant.
597 5677 630 5716 ert
648 5659 734 5715 tribus
747 5659 892 5717 Florentiae
911 5665 1063 5735 codicibus,
1121 5679 1209 5731 tntum,
1225 5663 1297 5734 quud
1319 5663 1489 5717 linrtiunmus
1511 5663 1585 5734 legit.

264 5747 461 5799 retrectantes:
475 5735 618 5796 maluerim
633 5747 700 5808 ego,
721 5741 899 5794 retrectantes.
912 5736 959 5795 Sic
970 5737 1065 5794 llltab-
1159 5749 1170 5776 ⁰
1185 5738 1212 5790 lu
1228 5750 1282 5790 utro
1297 5735 1428 5801 Palatino,
1444 5749 1610 5792 numerorum
1620 5751 1672 5793 non
1685 5737 1859 5814 occurrimus⁴
1871 5755 1923 5801 ea-

260 5812 359 5888 piunt·
430 5840 435 5851 ·
1120 5806 1218 5916 qiicore
1232 5815 1306 5884 tqpos
1318 5820 1329 5868 .·
1341 5813 1529 5882 mntun.ctc.
1543 5873 1561 5890 -.
