4000 6334
119 308 200 426 llil·
571 352 785 413 ullellltltlttt
805 354 837 412 tt
857 352 1170 415 seditiosissime
1191 355 1258 416 cll.
1685 356 1753 417 lttt

28 481 32 498 '
116 496 184 556 gum,
197 490 245 535 nus
254 490 285 533 eo
295 474 474 547 spiritualiter
487 472 722 547 intelligeremus?
738 472 768 533 Si
780 487 833 529 non
847 471 896 530 iu·
911 475 935 538 A
948 473 976 530 in
1000 487 1070 531 terro
1096 472 1189 531 conor.
1223 478 1319 539 Omnis
1346 484 1394 552 qui
1408 484 1523 557 eoeperit
1545 484 1629 541 Mum
1655 481 1749 538 sidere

73 640 76 645 ,
116 560 900 643 dusilumioumprodidis'set:quonmdonussolsnuemorl
953 568 1117 644 mente,lsel
1139 571 1405 645 sitissnpplnotore,
1439 578 1465 633 in
1478 575 1681 635 tribulationem
1700 573 1751 631 de-

115 671 141 731 si
155 685 205 725 uon
218 665 305 724 iudei
327 664 538 734 cruciilsissent,
566 672 594 719 et
608 662 743 721 inereduli
759 661 897 719 luissent:
951 662 1068 733 secedit,
1084 672 1112 721 et
1133 662 1205 721 inter
1226 675 1323 738 gentes
1344 668 1473 728 adversos
1493 668 1640 726 inhabitet.

114 760 239 839 quomedo
252 775 300 817 nus
314 758 506 817 crederemus?
520 756 621 829 ioseplt
632 772 699 831 ergo
713 757 762 813 ivit
778 756 805 815 in
817 754 900 829 AEgy·
988 756 1022 811 Et
1037 756 1111 813 nuxit
1126 757 1249 833 pupulum
1263 776 1339 815 seium
1352 759 1522 830 uehementer,
1534 771 1558 817 et
1569 761 1682 832 firmauit
1691 776 1750 817 mm

115 867 192 930 ptum,
204 850 542 925 prtepnrsrelmspitiumct
553 849 897 908 elimentsiratribussuis.
951 864 1030 923 seper
1054 849 1172 906 inimicos
1193 852 1260 925 ejus.
1280 850 1414 921 Quoniam
1438 854 1465 909 in
1485 854 1657 926 septuaginta
1670 854 1753 925 quin-

148 945 215 1002 ilt'sit
226 951 285 1001 onte
297 960 341 1001 eos
355 943 450 999 sirum.
469 941 560 1015 ipsunt
586 941 651 999 dicit
664 940 779 1013 ioseph.
798 938 832 996 io
845 956 901 996 ser·
951 957 1005 1015 que
1016 943 1158 999 animabus
1171 943 1374 1001 descenderunt
1385 944 1577 1020 ioAEgpptum,
1586 954 1752 1003 etsexcente

114 1058 166 1097 oum
183 1038 339 1096 serooodutes
358 1046 397 1094 est
414 1034 524 1111 iosepls.
549 1036 622 1093 liene
638 1045 717 1093 notus
740 1043 768 1091 et
790 1040 900 1092 sanetus
952 1036 1037 1092 millis
1058 1036 1183 1093 exierunt
1204 1036 1240 1093 de
1262 1036 1383 1112 AEggpte
1401 1038 1492 1111 (lieet.
1506 1038 1547 1111 xi.
1564 1038 1632 1096 Vide
1650 1048 1754 1112 myste-

113 1136 150 1191 sir
163 1132 295 1189 venditur.
951 1130 1032 1187 siunt.
1043 1130 1095 1201 Qui
1105 1131 1332 1200 quoudsmereut
1344 1150 1461 1191 numero
1470 1133 1564 1191 breui:
1580 1149 1652 1190 nnnc
1665 1134 1750 1203 sueti,

145 1225 352 1284 Homiiiuoerunt
364 1226 392 1281 in
403 1224 569 1299 corrupediius
585 1224 663 1295 pedor
682 1226 748 1299 rjns.
766 1221 835 1293 Qurin
852 1236 902 1278 no-
950 1234 978 1280 ct
1001 1224 1100 1281 lismeti
1123 1224 1262 1282 dicuntur.
1296 1226 1438 1299 lugentur
1464 1238 1571 1295 nutem,
1596 1234 1625 1284 et
1649 1228 1750 1284 coniur-

113 1320 156 1377 luit
169 1316 323 1377 enrssentire
341 1316 460 1375 domines
475 1314 621 1389 AEggptle.
646 1315 857 1373 Hunoriliuuemnt
872 1313 900 1370 iu
952 1328 1060 1377 montnr
1071 1318 1138 1390 justi
1155 1333 1172 1375 e
1188 1319 1314 1390 iiomiuo,
1334 1336 1370 1379 ne
1379 1323 1420 1381 eis
1440 1322 1565 1381 adverse
1583 1323 1751 1396 prevaleant

111 1410 266 1486 compedibus
278 1410 355 1479 pedes
368 1410 436 1479 ejus,
453 1408 501 1466 sed
525 1425 579 1464 neon
603 1416 748 1480 potuerunt
762 1404 898 1479 justitium
952 1420 1113 1484 potestates.

112 1502 245 1559 bumilisre
259 1520 266 1559 :
282 1501 400 1559 sedecim
416 1502 489 1561 enim
505 1516 638 1557 enisurum
652 1516 713 1557 eum
730 1510 820 1567 esset,
835 1497 902 1553 nde·
987 1504 1117 1563 coemtio
1140 1518 1336 1577 coerceremus
1358 1511 1460 1569 polirem
1482 1507 1609 1581 populum
1633 1514 1701 1585 ejos,
1717 1518 1743 1565 et

111 1604 190 1651 motus
204 1602 247 1653 eet
261 1609 278 1651 a
292 1594 414 1661 domino,
444 1602 473 1651 et
496 1594 523 1651 in
549 1594 595 1651 teli
617 1604 699 1650 munte
723 1592 899 1659 constitutus,
951 1599 1041 1657 eptem
1054 1601 1168 1673 gem
1190 1600 1219 1655 s„
1241 1602 1321 1657 unt,
1340 1602 1407 1674 ,μ
1422 1601 1544 1673 segitem,
1571 1610 1603 1658 qq
1625 1611 1751 1659 comem.

110 1706 165 1763 que
185 1689 417 1764 megistolnptuti
445 1689 537 1747 dedite
565 1698 617 1759 est,
644 1687 730 1745 uoluit
744 1688 901 1745 consentire
952 1693 1091 1765 plorentur
1114 1692 1271 1763 iniquitates
1295 1709 1404 1751 eorum.

109 1782 246 1854 iniquitati,
261 1783 310 1841 sed
326 1784 412 1856 magis
426 1783 516 1841 timuit
532 1782 681 1856 periculum
705 1782 814 1839 animm.
832 1778 900 1837 Fer·
989 1785 1062 1842 ilisit
1083 1784 1194 1859 iiupseo
1220 1804 1324 1845 sernum
1345 1806 1438 1856 suum,
1467 1789 1555 1845 Aureo
1578 1806 1653 1861 qoem
1676 1790 1751 1862 elegit

109 1896 159 1933 rutro
173 1878 322 1952 pertransiit
342 1878 457 1933 enititum
481 1880 548 1953 ejus.
575 1876 687 1935 Ferrum
713 1878 801 1949 ipsum
827 1874 895 1935 dicit
913 1872 1043 1953 Bipsum.
1066 1880 1165 1954 legem
1187 1881 1280 1960 utique
1294 1890 1322 1939 ct
1336 1882 1530 1940 secerdotium.

111 1979 253 2043 peecatum,
267 1971 339 2045 quod
354 1970 454 2029 eccidit
466 1972 595 2028 unimum.
609 1969 788 2037 bidentinis
804 1970 830 2027 in
847 1984 897 2041 pc·
988 1970 1079 2027 Possit
1091 1973 1118 2026 io
1131 1973 1168 2028 eis
1181 1974 1258 2029 serio
1267 1974 1402 2049 sionemor
1412 1990 1520 2029 sutorem
1532 1983 1557 2030 et
1571 1975 1752 2049 prodigiorum

109 2064 189 2120 riuulo
213 2070 284 2127 etot,
311 2072 491 2119 sceusotusu
517 2062 626 2119 disntino
655 2061 682 2119 iu
709 2062 756 2119 tsli
772 2060 896 2119 criotiue.
948 2063 977 2119 io
1002 2071 1074 2119 terro
1095 2060 1188 2121 Cicero.
1225 2063 1355 2134 diseede,
1383 2063 1517 2134 oiudee,
1534 2065 1580 2139 qui
1600 2067 1753 2124 seeundum

109 2154 223 2211 truslot
238 2154 312 2211 enim
328 2154 441 2211 dominu
454 2154 481 2211 in
496 2170 572 2223 eunt,
587 2155 658 2212 sieut
679 2155 813 2227 scriptum
835 2161 896 2211 est:
950 2156 1071 2213 litter-sm
1085 2156 1158 2213 dictu
1180 2157 1309 2229 intelligis
1323 2158 1476 2231 :Numquid
1494 2159 1602 2235 iiotyses
1612 2170 1641 2217 et
1658 2162 1749 2217 ieron

91 2248 201 2305 'Omnes
227 2246 427 2316 adulterantes,
443 2246 514 2304 sicut
537 2246 661 2305 clibuuus
679 2247 761 2303 cunin
776 2246 897 2318 ipsorum
950 2251 976 2307 in
988 2248 1534 2321 terrelibemocceperuntmundetumde
1544 2253 1642 2324 signis,
1657 2261 1685 2309 et
1695 2268 1751 2311 non

108 2340 183 2413 (lise.
209 2342 279 2415 sot).
309 2342 520 2399 Dorsecreuiret
544 2340 649 2399 serium
672 2344 740 2415 ejus.
776 2338 897 2397 Verbum
951 2344 1082 2415 potiusin
1107 2351 1181 2401 terre
1200 2342 1393 2401 ilsdiouillut
1416 2344 1444 2401 in
1475 2342 1651 2401 teruncium
1676 2343 1750 2401 iece-

107 2438 185 2511 ipsius
199 2437 307 2497 Domini
322 2437 397 2507 dieis,
411 2439 458 2511 qui
472 2454 533 2495 curn
548 2436 684 2496 liberssit.
949 2446 1013 2495 runt
1035 2438 1174 2511 prodigio,
1203 2447 1232 2495 et
1246 2454 1301 2495 non
1324 2437 1352 2494 in
1380 2437 1512 2513 AEggptel
1529 2438 1584 2497 Sed
1602 2450 1633 2496 ut
1651 2439 1752 2496 intelli·

139 2532 277 2605 liiequiuos
299 2532 405 2588 Doudoi
415 2532 584 2605 inflentmoeit
599 2548 668 2589 esni.
684 2530 742 2588 Nisi
765 2530 837 2587 enim
853 2530 896 2586 in·
949 2544 997 2601 gus
1018 2529 1079 2587 bec
1091 2545 1141 2603 per
1154 2529 1241 2603 legem
1256 2539 1284 2586 et
1302 2530 1486 2588 secerdotium
1507 2546 1594 2603 usque
1615 2530 1697 2588 bodie
1710 2532 1752 2587 in-

105 2624 252 2687 dsmmntus
272 2639 348 2687 esset
372 2628 475 2701 Spiritu
500 2636 612 2699 saneto,
639 2644 693 2687 non
710 2636 816 2701 poterut
836 2626 898 2685 iibi-
950 2632 991 2681 ter
1010 2631 1105 2697 gentes
1115 2622 1270 2682 incredulas
1280 2623 1323 2697 egi
1339 2623 1420 2683 :ideo
1440 2625 1573 2698 propbeta
1583 2634 1683 2681 terrem
1708 2638 1753 2695 po·

105 2721 189 2779 dionem
212 2722 336 2779 sineere.
360 2720 480 2794 Spiritus
496 2722 568 2779 euim
586 2720 692 2779 iiomini
718 2720 897 2779 inflammavit
949 2727 1005 2781 snit
1025 2722 1122 2780 Cbnm.

102 2830 168 2887 eum,
187 2825 215 2874 et
226 2815 379 2889 exstinguit
391 2817 480 2889 ignem
489 2814 620 2873 libidinis.
631 2814 706 2873 litote
722 2832 767 2871 ree
780 2824 805 2870 et
823 2813 899 2873 soluit
987 2815 1060 2871 iiisit
1074 2814 1191 2873 tenebras
1206 2824 1230 2872 et
1243 2816 1387 2872 obscurarit
1402 2832 1456 2873 ees.
1473 2814 1750 2890 Coepemnteiexpo·

101 2925 163 2965 euros.
176 2908 333 2968 &undum
345 2908 461 2967 litterum
473 2908 579 2966 Pharao
591 2908 679 2977 misit,
691 2918 718 2965 et
729 2906 810 2966 solvit
822 2923 896 2965 eum.
950 2926 1016 2969 nere
1030 2927 1130 2969 oscena
1146 2912 1341 2985 mysteriorum
1357 2910 1422 2981 ilci,
1438 2920 1465 2968 et
1479 2910 1591 2967 eloritis
1607 2912 1752 2969 miiodoooo

102 3002 181 3059 iliter
204 3022 210 3057 ι
239 3003 273 3063 Si
294 3002 393 3076 uliquis
416 3011 537 3061 tentetur
561 3018 577 3059 e
605 3002 734 3072 libidine,
762 3002 814 3059 nisi
843 3003 897 3061 De·
949 3006 1091 3079 sapientise
1110 3007 1257 3063 obscurum
1278 3014 1331 3064 est.
1355 3004 1400 3065 Sic
1419 3005 1492 3063 euim
1515 3006 1751 3078 olibircempre·

102 3096 187 3153 minus
208 3097 372 3171 apparuerit
385 3106 411 3153 el
425 3096 537 3155 soluerit
548 3112 611 3155 eum
625 3116 630 3151 :
643 3112 698 3153 uon
721 3106 813 3169 potest
831 3096 899 3155 cliu-
951 3100 1066 3159 luendum
1095 3101 1234 3172 sepientes
1257 3100 1283 3156 in
1311 3098 1409 3157 ostntin
1427 3114 1522 3156 eorum
1538 3098 1574 3171 tlt
1592 3096 1654 3157 cor.
1669 3098 1702 3172 s).
1718 3096 1752 3155 b't

100 3203 161 3261 gere
184 3198 343 3263 peecatum.
360 3188 434 3247 iiisit
457 3206 514 3261 rec,
537 3199 561 3246 et
580 3191 656 3247 soluit
674 3207 733 3246 eum
755 3192 898 3265 :princeps
949 3193 1111 3271 ecoeeriosit
1128 3208 1258 3249 semones
1273 3196 1341 3267 ejus.
1356 3192 1424 3261 Quis
1439 3190 1644 3249 durieisemnt
1657 3210 1663 3247 :
1678 3192 1753 3248 sieut

100 3283 261 3359 populorum,
286 3294 310 3341 et
333 3285 431 3342 dintisit
457 3301 524 3341 euros.
544 3283 604 3342 iiex
616 3299 648 3341 uc
667 3285 803 3357 princeps,
823 3274 935 3358 poterC
952 3286 1084 3360 quosdam
1106 3284 1287 3358 Euangelinm
1303 3285 1408 3342 dixisse
1423 3285 1505 3343 reierl
1521 3303 1528 3341 ε
1546 3286 1636 3343 linrus
1651 3293 1694 3342 est
1704 3284 1752 3341 bie

99 3378 237 3451 accipitur,
253 3378 364 3439 utillud
383 3397 389 3431 :
406 3376 465 3435 ilex
483 3393 596 3451 magnus
611 3393 694 3449 super
704 3394 815 3436 curnem
840 3388 898 3437 les·
949 3396 1043 3439 sermo
1055 3401 1062 3435 z
1074 3379 1135 3455 qnis
1147 3395 1210 3437 eum
1221 3378 1317 3436 nudirc
1328 3377 1518 3455 possit(iooo.
1530 3378 1588 3445 erl?

99 3487 163 3541 rem,
191 3481 219 3530 et
233 3472 326 3531 iliud:
343 3472 475 3529 Dominus
500 3456 629 3545 princeps
645 3472 898 3530 nester:liominus
985 3474 1117 3532 Convertit
1131 3490 1213 3547 oquos
1226 3490 1318 3530 coruom
1330 3474 1358 3529 io
1368 3474 1533 3548 sanquinem.
1545 3472 1582 3530 iit
1598 3472 1645 3544 qui
1667 3470 1752 3528 serlu-

96 3564 178 3637 judex
194 3574 293 3623 nester
309 3562 398 3641 (Psoi.
422 3562 507 3637 sest).
525 3564 586 3635 lpse
604 3579 670 3637 ergo
686 3564 760 3621 noisit
770 3563 897 3637 angelum
949 3568 1037 3627 cendu
1058 3569 1220 3643 sanguninem
1235 3566 1389 3625 elludersnt
1409 3565 1596 3637 porvulorum,
1608 3564 1659 3639 ipsi
1672 3565 1752 3621 deiu-

97 3672 171 3715 suum
194 3660 242 3732 qui
274 3658 391 3717 resoluit
411 3656 530 3729 inpidem
558 3658 687 3715 tibustio
715 3657 897 3725 nmnnmenti,
949 3678 1016 3735 ceps
1031 3679 1082 3736 pro
1095 3662 1173 3734 equis
1186 3678 1316 3719 eruorem
1340 3660 1492 3717 bssrrireot.
1505 3658 1560 3717 Sed
1574 3658 1691 3715 maxime
1706 3657 1753 3715 bic

25 3808 28 3815 ,
96 3752 379 3811 etdissclvitsudorio
393 3751 560 3822 itinerieejm
575 3750 675 3826 (liorc.
691 3754 748 3823 xe).
759 3751 900 3825 ipseque·
949 3756 1102 3813 uersiculos
1117 3754 1264 3811 hereticos
1291 3750 1415 3823 respicit.
1437 3748 1473 3805 Et
1496 3749 1592 3805 oceidit
1610 3748 1692 3820 pisces
1707 3765 1752 3804 eo·

96 3829 145 3915 qne
171 3854 292 3918 potesne
315 3846 427 3913 uirtute,
448 3844 555 3903 devicto
573 3853 671 3915 morte,
687 3844 841 3903 ubioierno
855 3860 900 3901 re·
949 3866 1020 3905 ruris.
1043 3848 1095 3916 Qui
1120 3846 1192 3903 inter
1211 3844 1361 3903 fluctuosos
1381 3842 1463 3915 buius
1483 3840 1577 3898 mundi
1602 3838 1751 3899 ieiicitetes

96 3937 192 3995 missus
214 3949 271 3997 est.
294 3938 368 3997 ilibil
393 3939 440 3997 lsie
455 3940 627 4013 negligenter
654 3939 830 3997 sentiendum
851 3950 898 3997 snt
949 3958 1064 4014 regnum
1076 3939 1291 4015 esseputsbont.

96 4032 246 4103 puterrdum
262 4032 344 4108 :quin
369 4035 405 4090 ob
423 4035 529 4106 angelis
542 4035 691 4093 suscitatus
705 4041 758 4092 est.
781 4034 898 4091 llinom·
985 4031 1022 4089 lit
1041 4034 1114 4089 dedit
1130 4043 1202 4089 terro
1218 4048 1308 4087 eorem
1328 4045 1408 4085 runos
1429 4030 1458 4085 in
1470 4027 1645 4103 penetralibus
1659 4044 1748 4100 regem

97 4139 139 4185 tus
151 4138 196 4185 est
209 4128 288 4187 etsins
303 4128 385 4203 paulo
399 4128 490 4185 minus
504 4127 539 4185 eb
549 4128 656 4201 angelis
672 4144 752 4186 :cotun
769 4136 797 4184 ut
814 4128 898 4186 bomo
948 4132 1077 4199 ipserom.
1093 4130 1122 4187 in
1136 4129 1221 4198 mnis,
1237 4134 1379 4199 poetarum
1392 4136 1406 4165 ⁸
1417 4124 1539 4182 carmine
1553 4123 1748 4195 designantur,

94 4224 214 4297 suscepit
228 4221 524 4297 mortemil’sol.vttt).
535 4220 601 4279 Nom
616 4222 643 4278 ln
656 4222 855 4280 resurrectione
868 4229 899 4278 ut
948 4225 993 4297 qni
1007 4239 1021 4281 s
1036 4222 1173 4281 catholiea
1188 4222 1282 4295 regule
1299 4221 1500 4291 discrepentes,
1516 4232 1610 4290 regum
1621 4224 1749 4273 terreno·

94 4314 164 4373 licus
180 4332 277 4383 surus,
290 4316 416 4389 engelieo
428 4329 494 4371 usus
514 4324 556 4371 est
583 4314 744 4371 torinisterio.
771 4314 897 4385 Regnum
949 4331 1010 4374 rum
1020 4316 1103 4375 eorde
1114 4314 1305 4385 deceptionum
1319 4312 1418 4371 iebulis
1432 4310 1551 4383 replent.

93 4408 142 4466 bue
162 4409 197 4465 ud
224 4406 394 4483 principatus
417 4422 467 4464 nec
494 4408 528 4464 ud
540 4406 712 4463 anruonem
734 4406 893 4478 pertinebit,
987 4408 1069 4475 visit,
1084 4418 1110 4465 et
1126 4408 1194 4465 seuit
1211 4407 1358 4481 cgnomqio.
1373 4407 1404 4464 ln
1418 4405 1573 4479 cyrsompio,
1594 4402 1687 4470 idest,
1703 4417 1751 4462 re-

92 4504 137 4574 qui
152 4502 354 4561 exterunbmtor
367 4510 421 4570 est,
432 4516 483 4559 nec
497 4500 530 4558 od
547 4500 624 4557 iilum
642 4500 689 4573 qui
705 4508 809 4559 tentum
825 4500 899 4574 priu-
949 4506 1014 4563 nins
1029 4518 1141 4572 musci,
1163 4518 1224 4575 quse
1243 4502 1271 4559 in
1292 4516 1374 4561 coeno
1399 4514 1432 4557 sc
1457 4508 1582 4559 stercore
1598 4499 1748 4569 volutetur,

91 4610 155 4667 ceps
169 4612 326 4669 eoquorum
339 4606 392 4653 est.
948 4597 1084 4657 luxuriem
1100 4598 1220 4655 indicet:
1233 4612 1292 4666 qum
1306 4596 1469 4668 plerumque
1487 4608 1646 4665 compressu
1660 4592 1751 4666 pullu·

126 4688 273 4745 Constituit
288 4704 346 4743 eunt
358 4686 499 4743 Dominum
512 4687 606 4743 domos
616 4702 682 4744 seor.
691 4686 821 4744 Ecclesite
836 4684 896 4758 ejus
910 4678 936 4743 D
950 4694 998 4751 let.
1014 4693 1091 4751 Sicut
1105 4691 1212 4756 Petrus,
1228 4690 1327 4761 inquit,
1342 4688 1484 4760 spostolus
1501 4706 1509 4745 r
1523 4686 1607 4744 Certis
1620 4700 1749 4745 resersus

90 4782 227 4855 murguine
247 4780 396 4853 scqiuisitte.
410 4778 443 4835 Et
464 4780 609 4854 principem
627 4780 710 4835 ononis
729 4778 898 4851 possessionis
949 4787 984 4845 st
996 4787 1176 4858 uomitum,et
1188 4798 1234 4840 sus
1244 4783 1330 4840 lotus
1344 4780 1600 4854 squnierecrenitll
1615 4778 1689 4836 Peto.
1705 4778 1749 4850 ul.

88 4894 153 4933 sum.
179 4876 274 4947 Quam
300 4873 431 4931 sditboii
454 4873 590 4931 dbslltxil
608 4882 753 4945 potestate.
951 4878 985 4936 Et
1001 4880 1093 4952 cinifes
1107 4880 1136 4935 io
1154 4878 1273 4934 moretm
1288 4876 1383 4949 finibus
1398 4892 1496 4934 esruru.
1523 4874 1551 4930 ln
1571 4872 1663 4939 ciniie,
1688 4871 1749 4927 din-

126 4970 161 5028 lit
175 4970 294 5026 erudiret
303 4968 430 5044 principes
443 4984 504 5025 suos
515 4969 583 5024 sicot
602 4970 777 5040 semetipsum,
792 4976 816 5023 et
826 4984 897 5025 senes
950 4974 1054 5031 lectiete
1064 4970 1133 5028 ortis
1144 4970 1271 5027 stimulus
1284 4969 1447 5042 intelligitur
1462 4986 1469 5024 ε
1485 4982 1545 5040 qum
1560 4966 1748 5035 ilcetparuum

89 5066 145 5137 ejus
157 5064 328 5139 pendentilem
341 5062 453 5119 doceret.
472 5060 615 5133 Principes
625 5076 658 5118 sc
672 5060 798 5117 seniores
811 5066 892 5117 erent
942 5046 1076 5121 'ride-stur
1087 5061 1190 5120 bebere
1204 5061 1373 5119 seductionis
1382 5059 1519 5128 oculeum,
1532 5054 1695 5131 grauissime
1707 5062 1749 5112 te-

87 5160 262 5231 populorum
274 5156 402 5229 apostoli,
428 5156 509 5213 etsui
526 5171 541 5211 n
556 5154 725 5229 proprietate
741 5154 818 5223 dicti,
837 5170 891 5212 nnn
951 5173 1014 5216 men
1026 5157 1132 5214 sauciet
1143 5164 1249 5213 mentes
1263 5153 1407 5213 homenes.

87 5266 102 5306 u
131 5252 303 5325 principatu,
330 5264 399 5321 quos
424 5250 483 5321 ipse
505 5248 593 5305 sacris
617 5248 735 5305 erudivit
765 5248 892 5321 eloquiis.
986 5250 1191 5323 Poseitplusios
1205 5263 1295 5305 eorem
1309 5244 1524 5324 grandinemilt
1538 5241 1638 5300 divinis
1651 5256 1778 5313 segue·-

86 5343 155 5401 liem
184 5353 215 5401 et
237 5344 313 5414 ipsos
340 5343 513 5400 secerdotum
542 5341 680 5413 principes
727 5354 760 5397 sc
778 5340 896 5413 populo·
949 5353 1044 5403 rentur
1052 5343 1223 5401 verberibus.
1235 5341 1326 5415 lqoem
1334 5339 1485 5396 steritemio
1496 5345 1566 5392 terso
1577 5351 1676 5391 eorem
1687 5332 1749 5391 lion

87 5455 148 5497 rum
165 5438 297 5497 seniores
326 5439 426 5510 stepius
451 5437 566 5505 doeens,
593 5434 713 5493 erudivit
736 5435 892 5507 intemplo,
949 5439 1158 5503 illuminantem,
1179 5434 1228 5493 sed
1242 5442 1368 5492 urerttem
1386 5448 1394 5488 :
1410 5431 1473 5503 quio
1489 5437 1602 5486 sanetus
1619 5426 1690 5500 ignis
1699 5425 1747 5497 jn·

85 5546 148 5589 curn
173 5532 221 5589 eis
244 5530 352 5589 divinas
376 5530 486 5603 operuit
511 5528 682 5603 Scripturas.
949 5540 1009 5590 etos
1023 5530 1172 5596 illuminet,
1188 5523 1459 5599 peemtomsesurtr.

123 5622 160 5681 lto
184 5625 295 5682 introvit
310 5622 394 5681 isreel
405 5624 432 5679 in
443 5621 598 5696 AEggptum,
610 5621 725 5681 etiami
738 5622 823 5680 incolo
846 5622 896 5695 [orit
986 5626 1022 5681 tto
1041 5623 1168 5698 percussit
1192 5622 1280 5679 sioeos
1304 5634 1403 5690 eorem,
1419 5626 1444 5674 et
1467 5614 1594 5688 ficulneas
1612 5628 1712 5683 emm,
1726 5620 1752 5670 et

124 5771 138 5800 ⁸
151 5760 265 5818 Recole
282 5776 342 5827 quoe
355 5760 436 5832 muln
455 5760 582 5833 superius
601 5762 627 5818 in
649 5761 746 5831 psalm.
763 5776 854 5818 uxxvu
866 5760 901 5817 ed
954 5760 1117 5818 sententiam
1132 5758 1217 5816 uertit
1238 5756 1267 5814 in
1287 5756 1409 5841 casinens
1418 5770 1555 5841 ‘moseum
1572 5753 1635 5813 side
1646 5768 1707 5825 que
1721 5751 1751 5809 in

85 5832 234 5905 geminum
247 5832 420 5890 istiusloeum
434 5834 622 5891 observemus.
632 5834 670 5889 lie
683 5837 902 5907 egnoorgie,quae
955 5832 1066 5906 pstelixe
1081 5830 1266 5889 sdmoultione
1276 5837 1499 5901 perstrinximus.

84 5905 281 5979 subsequitur,
297 5913 380 5977 atque
392 5902 436 5963 bic
449 5912 544 5963 auctor
564 5914 658 5962 contre
673 5908 729 5963 ueri
745 5902 902 5977 illerungmi
