4000 6334
117 243 154 302 itt

565 228 807 292 constitissent
827 225 861 288 tit
880 219 1016 290 ΗΒΜΙΙ
1033 227 1106 288 tots.
1124 227 1204 288 Gdi’.
1225 225 1246 285 Ι.

116 357 202 432 pollebit
213 349 369 420 uirtutibus,
392 349 547 424 prudentis,
567 351 681 422 lustitia,
708 346 875 416 tortitudine,
890 345 918 415 Α
932 347 1100 402 seruientium
1115 344 1245 402 ostendit.
1263 345 1291 402 ln
1314 343 1470 418 lesbernensi
1486 347 1585 404 mrrndi
1597 349 1728 408 surinrstis

116 445 273 520 irruperantis.

139 537 249 608 offerebat
261 535 416 591 boiocousto
441 551 487 609 per
510 535 637 606 siupulos.
654 533 760 589 Dicebat
786 533 876 588 euim:

114 632 206 700 belone
218 628 377 701 peccauerint
387 625 435 696 pilii
447 627 507 694 rirei,
531 635 555 682 et
572 625 752 682 maledixerint
774 622 828 680 Deo
849 626 876 680 in

928 448 1003 506 suut,
1014 439 1171 496 iudeorum
1194 439 1313 510 plebem.
1326 439 1355 495 iu
1370 440 1456 496 osirns
1470 457 1535 497 rere
1557 443 1729 501 immundum

929 547 1022 604 pecus,
1047 534 1170 604 pestium
1184 533 1314 604 pupulum
1331 531 1539 592 derrroustrurit.
1557 536 1633 594 Uerris
1643 538 1729 595 isaias

929 626 967 682 uit
983 647 990 682 s
1007 623 1131 698 depuerit
1155 625 1200 682 bos
1212 642 1388 699 possessorem
1401 644 1489 694 suum,
1505 639 1531 683 et
1541 630 1631 685 usiuus
1659 647 1730 702 pru·

110 725 203 781 corbibus
223 723 287 776 suis.
314 720 483 793 Sicsuciebut
499 719 665 775 bobcnnctis
688 719 789 774 diebus.
807 718 877 787 Quo·
928 733 989 788 seps
1013 717 1114 772 dorium
1134 718 1316 775 suisscilicet
1336 719 1409 790 quod
1430 721 1602 779 nativitatem
1626 723 1730 781 Christi

111 821 240 872 inritantem
266 813 308 868 u'ie
328 829 387 868 eum
407 813 533 868 uenissent
554 811 605 883 filii
620 809 670 867 Dei
689 820 718 866 ut
731 811 878 866 assisterent

110 928 175 966 ceruus
187 907 290 962 llomino
301 924 311 962 .·
322 905 396 978 offuit
409 907 476 963 in'er
491 922 534 960 eos
544 907 622 960 elium
636 905 730 962 Sutnn.
743 904 792 961 Ceri
812 906 879 962 uicti

111 1005 210 1058 borrriuus
224 999 319 1056 :Unde
333 1001 423 1056 serris?
437 999 489 1067 eri
500 999 670 1072 respeudens,
686 1000 723 1054 uit
739 997 880 1054 :Circum-

108 1099 135 1152 iri
143 1107 232 1158 terrum,
245 1103 267 1148 et
277 1091 457 1166 percurbuluri
478 1109 545 1146 eum.
564 1091 688 1160 Dicitque
702 1089 831 1147 Dominus
844 1091 879 1146 od

108 1207 151 1244 euru
162 1203 170 1242 .·
181 1185 309 1256 Numquid
315 1186 486 1240 considerasti
505 1203 607 1240 serrium
629 1201 715 1241 sermm
729 1183 789 1254 leb,
810 1184 879 1256 quod

108 1300 146 1336 nou
156 1283 184 1336 sit
196 1281 216 1334 ei
224 1281 318 1335 similis
331 1281 359 1335 in
377 1288 447 1334 terro
460 1295 469 1334 .·
484 1277 561 1334 bomo
572 1281 692 1353 simplex.
705 1289 833 1351 structus,
849 1296 879 1336 oo

106 1377 179 1430 tineus
189 1371 268 1427 Deum
279 1371 431 1428 etrereriens
440 1388 457 1425 u
467 1370 537 1425 neoto
544 1371 555 1423 ,⁹
563 1369 610 1426 cm
617 1372 775 1441 respondens
782 1370 878 1434 Senon.

106 1468 151 1520 eit:
161 1463 287 1536 Numquid
306 1467 405 1534 frustm
415 1460 465 1518 tot
479 1465 549 1518 tiuret
558 1462 660 1521 uerus
670 1459 766 1520 Nonne
787 1473 813 1518 tu
825 1465 880 1518 oui·

106 1561 153 1614 iusti
168 1575 220 1614 euru
241 1576 272 1613 oc
286 1559 391 1612 doenum
413 1557 470 1626 ejus
489 1558 687 1631 urrirersurnque
709 1558 880 1614 substantium

105 1657 148 1726 ejus
164 1668 203 1721 per
225 1651 407 1705 circumitum?
429 1647 556 1722 Operibus
578 1667 702 1704 rrrnrruum
724 1651 780 1721 eius
806 1650 880 1705 bene·

931 811 956 866 in
967 820 1088 868 esrueet
1106 811 1192 868 indui
1218 828 1251 868 ex
1268 825 1359 883 parre,
1379 823 1408 870 et
1422 825 1522 884 perstre
1546 817 1729 887 agnoverint

929 904 993 962 etin
1011 906 1130 976 present
1142 906 1237 962 alteris
1252 907 1370 974 Deretini,
1393 908 1471 979 qussi
1485 910 1585 965 mundo
1601 912 1733 969 urrirnelie

931 1015 979 1068 per
1004 1001 1172 1070 baptismum
1196 1001 1465 1061 scensernnmone
1479 1003 1514 1060 ed
1540 1005 1592 1062 hoc
1618 1009 1732 1076 respicit

930 1091 996 1150 iilud
1009 1093 1152 1178 deturpelii
1166 1093 1286 1169 :ispum
1298 1097 1368 1152 enim
1381 1113 1466 1154 meum
1475 1115 1553 1157 suune
1563 1110 1610 1164 est.
1626 1111 1651 1157 et
1665 1118 1732 1158 onus

929 1199 1016 1245 meum
1029 1186 1092 1242 leue.
1108 1185 1138 1243 ln
1148 1187 1224 1258 ispo,
1239 1186 1398 1246 budaeossirr
1421 1190 1510 1258 anno,
1522 1191 1557 1248 od
1570 1207 1649 1263 qrreru
1662 1208 1735 1250 cirus

931 1277 1018 1348 irrepis
1033 1279 1161 1350 pertinet,
1171 1289 1279 1352 pentes.
1292 1291 1321 1336 ut
1332 1297 1418 1352 supra
1428 1282 1546 1343 diximus
1556 1285 1732 1356 signitieerit.

931 1367 1043 1442 Magnus
1058 1368 1157 1426 dieitur
1177 1369 1305 1428 Christus
1319 1373 1389 1433 iuter
1404 1388 1499 1432 omnes
1513 1374 1675 1443 orientales,
1689 1394 1734 1436 se·

930 1459 1050 1516 eundum
1066 1459 1132 1516 illud
1147 1479 1154 1516 s
1170 1459 1253 1519 tinxit
1278 1472 1304 1520 te
1324 1461 1393 1520 Dens
1415 1475 1475 1520 tuus
1489 1468 1547 1522 oleo
1568 1466 1666 1524 insitire
1678 1485 1734 1543 proe

931 1553 1091 1610 torreor-tibus
1102 1554 1163 1608 tuis.
1180 1553 1316 1613 Numerus
1339 1571 1404 1612 vero
1419 1559 1576 1614 antrustiuru
1590 1561 1615 1615 in
1628 1573 1733 1631 septem

932 1657 955 1701 et
971 1646 1059 1702 tritius
1071 1647 1203 1713 irritlilrus,
1218 1660 1299 1719 urqrre
1324 1649 1352 1703 iu
1366 1649 1520 1721 ·‚rrir·gerrtis
1532 1663 1655 1708 secretus
1678 1665 1732 1710 est.

104 1745 215 1806 tinniet
229 1743 358 1812 possessio
370 1745 429 1816 ejus
448 1743 526 1800 creuit
541 1743 569 1798 in
592 1751 670 1797 terro.
696 1742 750 1798 Sed
771 1745 880 1798 extende
894 1737 921 1816 B
933 1737 1002 1798 Num
1015 1751 1132 1810 septem,
1146 1740 1223 1811 juxte
1241 1742 1435 1798 anctoritatem
1451 1743 1665 1814 scripturorum,
1679 1746 1736 1816 pie·

104 1837 219 1910 prululum
234 1853 340 1891 monum
354 1845 439 1900 tuunr,
450 1845 475 1890 et
491 1845 567 1910 scrupe
586 1844 679 1892 cuncto
690 1853 748 1908 pnae
758 1837 881 1906 possidet,
935 1833 1085 1890 tritediuem
1109 1833 1254 1904 quareretur
1280 1835 1351 1890 sueri
1373 1836 1494 1908 mysterii
1517 1838 1672 1902 sipuilrrmrt
1684 1855 1693 1896 2
1707 1849 1737 1893 ut

104 1931 143 1984 ruisi
152 1933 173 1982 ir
185 1929 276 2000 [eciem
290 1927 447 1984 benedixerit
458 1927 516 1985 tibr'.
532 1926 606 1984 llicit
620 1945 683 2000 erpo
699 1927 828 1986 boneium
848 1929 882 1984 nrt
935 1925 982 1993 ibi,
1008 1936 1112 1996 septem
1137 1925 1271 1996 spiritus,
1296 1939 1399 1996 septem
1425 1929 1606 1996 esurientem,
1631 1941 1735 2000 septem

104 2025 170 2082 Soror
183 2040 191 2080 .·
206 2022 272 2080 Ecce
284 2025 404 2078 urrirerso
415 2039 474 2093 pure
487 2023 574 2092 trebel,
588 2023 615 2078 in
628 2039 709 2078 morsu
733 2033 779 2078 tuo
801 2035 882 2080 curre:
935 2014 1077 2072 Ecclesise.
1095 2015 1124 2074 iu
1141 2017 1227 2074 tribus
1242 2033 1308 2074 sero
1323 2020 1461 2075 millibus:
1477 2023 1568 2077 urrirua
1585 2034 1613 2078 ct
1636 2039 1736 2094 corpus

103 2129 182 2172 impium
194 2118 218 2172 in
231 2133 291 2170 euru
307 2132 340 2170 ne
351 2115 476 2170 extendas
486 2131 591 2170 murrum
612 2125 693 2172 tuum.
710 2115 884 2188 Eqressnsqne
935 2115 964 2164 eb
979 2109 1157 2180 Spiritus,teb
1178 2109 1311 2168 tritrunris
1325 2112 1459 2168 (berettiuae
1473 2116 1599 2180 scientia,
1617 2119 1643 2172 tn
1660 2119 1737 2175 Seti-

103 2205 537 2280 nustrauasucreeomu.Com
555 2189 885 2280 uuuuspuodernrtielilii
935 2203 1024 2274 pruris
1049 2205 1162 2273 meretis,
1190 2205 1247 2259 sire
1270 2219 1470 2262 succensentem
1495 2209 1581 2264 berum
1595 2209 1737 2268 Trinitatis

102 2315 120 2358 et
131 2304 185 2372 pitius
197 2306 251 2376 ejus
274 2318 346 2358 corus
359 2303 437 2356 ferens
462 2311 487 2358 et
513 2299 624 2358 biberent
649 2303 737 2358 uinum
755 2303 782 2356 iu
806 2301 884 2358 dorrso
936 2307 1025 2369 pertesi
1039 2299 1154 2368 intelligi
1171 2316 1179 2352 ε
1197 2314 1247 2368 pro
1266 2315 1300 2356 eu
1325 2301 1397 2369 ipsud
1413 2302 1503 2358 onrrris
1518 2303 1663 2360 uruititudo
1677 2319 1738 2361 ere·

103 2399 219 2465 tronissui
230 2397 407 2468 perserperet,
417 2399 521 2450 nuntius
532 2397 599 2450 rum
614 2397 648 2451 ud
658 2394 709 2450 bob
719 2397 763 2468 qui
773 2395 884 2452 diceret:
936 2393 1069 2462 dentibus,
1085 2393 1168 2448 trium
1182 2393 1368 2450 dierurnrism
1379 2395 1531 2463 erubuisses,
1545 2399 1579 2454 sd
1594 2399 1739 2468 perier-tc·

102 2489 166 2546 bores
176 2491 294 2556 nubent,
304 2500 329 2544 et
338 2491 420 2546 asino
428 2489 600 2562 pesccbontur
608 2491 687 2560 inore
699 2505 753 2558 eos,
767 2497 791 2542 et
803 2491 887 2544 irrue·
937 2501 1000 2542 sumn
1024 2487 1189 2542 seterrritstis
1200 2484 1338 2542 desiisset
1351 2489 1502 2558 pervenire.
1514 2490 1663 2562 Quirrgcuti
1673 2509 1738 2548 sere

101 2583 247 2640 rnutSuboei
264 2585 432 2654 tuleruntque
441 2583 539 2649 omniu,
554 2592 578 2638 et
594 2599 688 2654 pueros
704 2593 886 2654 percusserunt
936 2579 982 2650 ursi
997 2578 1033 2636 de
1053 2580 1174 2649 quinque
1192 2591 1362 2650 eeusurpuut
1375 2581 1584 2653 qrriuquipticsti
1598 2583 1740 2654 quieturu-

101 2679 191 2748 slotim
204 2689 227 2734 et
249 2679 320 2732 eresi
335 2693 382 2750 epo
398 2677 485 2745 solus,
502 2686 531 2732 ut
546 2677 694 2735 nuntiarem
705 2676 760 2732 tibi.
772 2675 886 2746 durusque
936 2672 1140 2742 giutequinque
1150 2669 1266 2740 incipiit,
1283 2674 1401 2741 perustis
1429 2673 1541 2730 trieris-u
1570 2677 1658 2732 mistis
1681 2679 1739 2733 ire·

101 2770 173 2824 uitrue
186 2769 229 2824 iile
243 2770 406 2842 toqueretur,
423 2769 614 2836 neritonensi
634 2768 723 2826 dicit:
740 2767 814 2842 lpnis
838 2767 887 2828 oei
937 2763 1097 2838 piiitstibus.
1113 2763 1140 2820 in
1153 2763 1241 2820 rtrum
1268 2763 1420 2836 perlectum
1442 2767 1582 2824 leunsinem
1606 2778 1738 2827 transisse

100 2865 175 2918 residit
188 2880 201 2919 e
214 2865 280 2920 rulo
300 2873 325 2920 et
340 2873 420 2918 tuctus
432 2878 491 2918 ores
506 2879 650 2934 puerosque
667 2864 824 2934 consumpsit
839 2879 848 2918 :
862 2873 886 2920 et
937 2858 1096 2930 sipirittcrrut
1108 2873 1117 2924 ;
1129 2865 1158 2914 et
1171 2856 1323 2927 persenis
1336 2861 1435 2929 quinos
1459 2861 1659 2932 quirinumims
1675 2879 1738 2932 rur-

101 2954 444 3028 eliupisolus‚rrtrrurtiur¹ern
457 2952 513 3008 tibi.
530 2954 584 3010 Sed
595 2953 682 3010 odbuc
695 2952 743 3010 illo
753 2957 885 3028 loquente,
938 2954 1063 3021 veniunt,
1077 2951 1114 3008 its
1130 2952 1285 3022 perdentes
1299 2954 1509 3024 quinquagenos
1523 2957 1558 3010 ad
1572 2958 1738 3028 quingentos

100 3051 246 3116 irritatius,
259 3049 361 3104 etdisit
377 3046 516 3104 :cnattaei
530 3051 646 3120 feceruut
660 3057 712 3106 tres
725 3059 835 3119 sermm,
862 3058 886 3104 rt
938 3045 1098 3102 escendunt.
1115 3045 1249 3102 Similiter
1262 3045 1520 3114 somniantium,
1546 3065 1608 3119 quus
1631 3051 1737 3106 coluru-

101 3143 232 3198 iurcseruut
255 3141 381 3206 coturnos,
401 3153 437 3222 et¹
452 3143 566 3194 tulerunt
591 3157 633 3196 eos
646 3157 655 3208 ,·
668 3157 768 3197 neesson
792 3119 921 3213 puerose
938 3155 1000 3197 rrum
1012 3150 1040 3196 et
1050 3139 1253 3196 discernentem
1266 3139 1389 3195 veritatis
1400 3139 1502 3196 Christi
1519 3141 1738 3214 inlustrisque

100 3245 265 3304 percusserunt
288 3234 394 3304 plurtio,
420 3242 444 3288 et
457 3249 505 3304 epu
529 3231 585 3304 lupi
606 3235 677 3288 solus
696 3243 724 3288 ut
739 3233 886 3288 nrrnliurem
937 3247 1035 3290 seusus
1044 3231 1144 3301 noemi,
1160 3231 1203 3287 rei
1229 3229 1461 3303 perticationes.
1491 3233 1532 3290 sei
1546 3235 1736 3291 remissionem

100 3329 145 3383 tr‘ti⁴
158 3329 247 3386 Adbuc
260 3327 414 3402 ioprrrbutur
441 3327 500 3394 itte,
513 3337 537 3382 et
559 3343 616 3382 erce
633 3326 702 3383 otius
717 3329 833 3394 intr-orit,
861 3338 886 3384 et
937 3335 1112 3396 retentorum
1125 3324 1264 3394 ascipiunt
1279 3341 1285 3376 :
1301 3323 1363 3392 spuis
1376 3323 1404 3378 in
1431 3325 1484 3380 isto
1497 3341 1612 3382 rennuere
1622 3341 1678 3384 uon
1693 3343 1736 3384 so·

99 3419 154 3472 diris
167 3439 175 3476 :
186 3419 211 3474 F
212 3423 267 3476 iliis
279 3422 330 3476 tuis
343 3429 367 3474 et
380 3420 484 3487 bliebus
503 3419 677 3492 crescentibus,
699 3431 722 3476 et
742 3421 887 3478 bibentibus
938 3418 995 3474 ium
1007 3416 1134 3474 remissio
1146 3425 1336 3489 peecatorum,
1351 3417 1399 3472 sed
1409 3417 1491 3471 etism
1502 3417 1637 3475 adrentus
1651 3421 1738 3477 selecti

99 3515 174 3566 riuum
184 3515 298 3569 income
309 3513 399 3584 fratris
412 3513 453 3568 sui
467 3513 641 3586 petreoponte,
667 3527 771 3590 repenle
796 3525 886 3572 uentus
938 3511 1058 3583 Spiritus
1072 3511 1237 3568 meteretur.
1255 3509 1317 3566 iiiiii
1342 3525 1408 3566 nero
1422 3511 1469 3566 liei
1482 3530 1489 3565 ι
1504 3513 1546 3568 rel
1559 3513 1668 3586 serpsit,
1694 3517 1737 3572 ret

99 3605 220 3664 reberncus
235 3609 313 3662 irruit
328 3625 344 3662 c
358 3607 464 3680 repione
478 3607 583 3673 deserti,
599 3611 762 3666 etccrscussit
775 3620 887 3678 quotuor
937 3606 1026 3662 sancti
1052 3603 1222 3676 intelligendi
1246 3612 1326 3670 susrt,
1348 3604 1395 3675 qrri
1412 3607 1485 3660 deuo
1504 3609 1600 3676 gratiss
1618 3610 1738 3678 Spiritus

99 3701 196 3772 urrprrlos
211 3705 316 3767 bemus.
332 3717 391 3775 ques
412 3718 535 3758 corruens
558 3703 682 3776 oppressit
698 3702 792 3760 liberos
817 3714 885 3774 tuos,
938 3696 1102 3757 ssrrctib'itii
1116 3697 1167 3752 Dei
1192 3707 1335 3752 rocsrrtur.
1364 3695 1441 3753 ieter
1456 3699 1507 3754 tros
1520 3715 1587 3770 erpo
1612 3701 1738 3760 diabolus

98 3804 119 3847 n
130 3795 219 3850 nortui
231 3804 303 3860 sunt,
318 3803 341 3850 et
357 3792 440 3864 effreni
458 3809 506 3868 epo
524 3797 607 3862 solus,
622 3806 649 3849 ut
665 3795 812 3850 nuntiarem
829 3797 885 3852 tibi.
938 3799 1030 3848 neten
1041 3789 1144 3846 dieitur
1160 3807 1166 3842 :
1182 3789 1247 3859 quis
1257 3803 1294 3844 ex
1308 3788 1488 3856 permississe
1515 3786 1564 3845 Dei
1578 3793 1738 3865 pierumque

99 3885 143 3941 Pro
167 3887 227 3942 tuiis
255 3887 333 3954 suis,
365 3889 483 3954 ‹prrorim
509 3885 683 3954 stupebamus
700 3903 753 3942 rum
771 3897 824 3945 tom
839 3906 887 3957 pru
940 3890 1051 3940 sauctus
1075 3882 1156 3937 sudet
1179 3889 1295 3936 tentare.
1324 3880 1446 3936 liireuris
1475 3879 1593 3936 liliurrun
1616 3883 1736 3942 botrum

98 3980 273 4048 presentibus
284 3978 454 4045 criminibus,
479 3993 562 4052 quarn
576 3993 624 4050 pru
637 3981 753 4036 occultis
764 3981 790 4036 in
805 3981 888 4037 eunte
940 3975 1060 4032 irstsrrrs
1076 3973 1240 4030 concertis!
1254 3971 1309 4029 Sed
1327 3974 1390 4043 orris
1414 3973 1466 4028 iob
1487 3987 1579 4046 typum
1597 3975 1736 4036 Clusinum

98 4073 216 4142 precatis,
232 4089 296 4143 qum
310 4071 451 4128 troruinum
465 4089 572 4144 qrrrruuc
586 4073 679 4140 lugere
693 4076 814 4130 rrotitism
827 4093 886 4146 prees.
941 4085 1051 4142 purrsre
1061 4065 1248 4123 osterrdiurus:
1262 4066 1312 4120 bos
1322 4066 1436 4120 interius
1445 4080 1493 4137 per
1506 4067 1620 4138 ligurum
1630 4081 1737 4140 septem

98 4175 160 4229 suut,
173 4165 295 4220 diuinam
308 4165 484 4220 etcinerrisru
506 4165 772 4223 assiduisseeriliciis
792 4182 887 4226 ssoru-
940 4161 1042 4234 gratiss
1052 4158 1183 4218 scelestus
1196 4157 1456 4228 essetutrumque
1471 4158 1606 4228 spirituaii
1620 4162 1740 4236 iungeri-

98 4271 143 4311 rsr.
160 4259 335 4331 priuilegium
362 4273 428 4314 reru
453 4259 584 4316 oliercndi
613 4261 819 4330 prirrrupcuiris.
845 4264 888 4319 rel
942 4267 986 4314 tur
1001 4250 1389 4318 secrunreutosumconuiuio,
1413 4251 1526 4322 Lenem,
1550 4253 1736 4331 Prophetiam,

98 4351 208 4407 stratisue
225 4351 336 4421 regibus
351 4351 574 4422 ‹iubebatur:pru
588 4353 747 4410 excellentis
764 4356 889 4413 uidelicet
941 4363 969 4410 et
984 4351 1130 4422 surrepetur
1147 4348 1248 4420 :rruusi
1262 4356 1320 4404 tres
1335 4361 1445 4404 sorenes
1468 4363 1561 4404 secum
1585 4349 1737 4425 iubentes,

97 4445 250 4512 supientiae,
276 4445 320 4501 rel
344 4445 487 4502 nobilitare
515 4445 634 4514 generis.
661 4445 694 4502 lit
717 4447 781 4518 ipris
797 4458 888 4520 typum
941 4449 1097 4506 diuinorum
1120 4445 1291 4514 eloquiorum
1317 4439 1508 4513 iustettipeutise
1534 4444 1651 4515 strepitus
1662 4461 1739 4506 mru-

97 4533 188 4590 Clrristi
204 4537 258 4594 tub
270 4536 343 4591 terre
360 4535 488 4602 uiuimus,
501 4535 640 4592 rideamus
653 4552 726 4594 nunc
741 4538 804 4608 spuid
818 4550 888 4596 terre
903 4515 928 4579 Ι)
943 4536 1093 4598 remuniri
1117 4540 1198 4592 rulue
1218 4550 1283 4590 vero
1304 4533 1413 4602 demtis,
1437 4549 1498 4604 qim
1516 4537 1653 4607 supersessis
1668 4541 1741 4599 titius

97 4629 147 4684 llus
160 4630 309 4686 irrclrrisiu
323 4631 466 4700 sigrrtlicet.
482 4629 595 4684 Terreni
608 4629 696 4700 burte,
720 4643 889 4703 nssrrmptuur
943 4633 1014 4699 tub3
1030 4633 1204 4702 antiquorum
1221 4626 1384 4697 principum,
1402 4642 1546 4698 sipritus-nur
1574 4637 1743 4702 persecutio.

97 4738 181 4778 mruur
204 4723 346 4780 turuuucur
363 4739 396 4778 cn
413 4722 495 4776 ituris
520 4722 708 4794 irrtelligiurus,
730 4740 792 4796 num
816 4726 888 4794 ideo,
946 4741 1020 4788 rrum.
1034 4724 1077 4780 rel
1091 4721 1224 4778 surtrtuu
1250 4731 1344 4775 ceersru
1366 4718 1516 4776 Ecclesium
1530 4724 1661 4780 «stenen.
1689 4728 1742 4796 Qui

97 4815 146 4870 risio
161 4817 208 4874 Dei
232 4825 392 4872 assumente
407 4831 478 4881 esuri,
499 4815 667 4872 crrrrsilintris
683 4816 793 4884 dicitur,
818 4820 891 4891 qrrnri
946 4817 1097 4876 retunsius
1112 4814 1457 4888 merrrrrrrsitutreuertisset.
1473 4817 1742 4888 serituteruipsornm

96 4924 139 4978 per
152 4912 327 4968 diuinitatem
353 4913 517 4968 ussunreuris
534 4910 657 4968 inlutum
672 4912 697 4966 in
713 4929 744 4970 en
771 4913 890 4971 thesauri

95 5003 189 5060 birine
205 5005 352 5074 sapientise
367 5012 395 5061 et
407 5005 528 5060 scierrtire
543 5004 694 5062 absconditi
710 5022 810 5080 ;quum
839 5009 891 5066 sibi

96 5095 127 5150 its
154 5097 340 5154 indissolubili
365 5097 537 5154 counexione
561 5099 715 5167 euujprrxit,
743 5113 771 5156 ut
794 5104 895 5172 ipsein

96 5189 229 5248 'trinitate
244 5207 316 5248 unus
328 5193 365 5250 sit
380 5189 451 5246 fliius
468 5191 523 5246 bei.
536 5189 645 5262 Septem
661 5209 726 5250 vero
742 5193 802 5261 tilii,
818 5196 899 5266 sepri-

96 5279 209 5338 ierruem
225 5281 349 5352 Spiritus
363 5281 451 5336 sancti
463 5283 593 5350 peritiorum
614 5290 642 5338 et
655 5293 710 5340 tres
722 5284 794 5351 lilius,
809 5287 898 5356 legem

948 4923 1153 4986 persecuturum
1167 4907 1282 4969 iudicet.
1298 4905 1388 4964 saliret
1404 4907 1619 4980 interpretantur
1629 4914 1745 4986 captiui:

947 5003 1103 5062 secernet
1118 4999 1330 5072 unanimum
1347 5016 1356 5053 .·
1371 4997 1400 5054 isi
1414 5015 1512 5070 rrcrrrpe
1531 5003 1628 5072 captivi
1644 5003 1747 5059 (temo.

949 5115 1015 5154 rrum
1027 5099 1187 5167 irnpupnsut
1206 5093 1357 5150 Ecclesium
1373 5093 1421 5148 :tri
1437 5107 1491 5150 riou
1510 5101 1598 5150 sutum
1618 5096 1664 5151 utri
1680 5111 1746 5168 pos·

949 5203 1023 5255 sunt,
1038 5190 1152 5260 abigunt
1168 5201 1268 5258 greges
1280 5186 1449 5252 eorumbene,
1473 5203 1568 5244 rerum
1592 5187 1672 5245 etism
1697 5205 1746 5247 eos

950 5285 1013 5357 igne
1027 5274 1194 5354 sunonem
1208 5280 1272 5338 eseli
1298 5295 1359 5336 esse
1386 5279 1564 5344 rire-nituntur,
1585 5280 1749 5351 heresibus.

96 5377 646 5450 etprophetiarumEvangeliunruubis
675 5380 900 5452 ridentursigui·
953 5379 995 5434 ret
1011 5375 1214 5447 superstitionis
1237 5373 1370 5442 pruriens
1390 5381 1565 5427 euersumum.
1594 5372 1751 5432 Prnseutioe

98 5471 187 5526 licere.
203 5473 278 5528 orer
294 5469 537 5542 presencium,
568 5474 897 5544 propterinnoceutism,
955 5472 1037 5528 etinur
1049 5485 1141 5540 repertu
1153 5463 1426 5521 sentiriuteutissiuri
1452 5462 1752 5523 surrilrutiusrtotes·

98 5583 154 5637 qum
169 5571 197 5622 tu
223 5567 365 5636 baptismo
386 5566 485 5622 seruies
513 5576 687 5636 pcccatorum
705 5569 901 5640 deposuerint,
956 5574 1003 5630 ur,
1022 5573 1139 5634 quartuor
1161 5559 1314 5628 Euangelus
1334 5557 1409 5610 reim
1431 5556 1751 5632 surgeriiseouirrmutom,

98 5664 232 5718 nursinae.
248 5661 279 5716 ln
291 5662 405 5717 cometis
418 5676 495 5732 reru,
516 5661 637 5731 perreium
653 5665 825 5732 prurientem,
843 5680 904 5722 enm
957 5657 1059 5714 Christi
1074 5656 1185 5710 demerui
1197 5651 1375 5708 correpsimus
1392 5659 1421 5705 ut
1438 5647 1561 5718 prendisti
1574 5651 1754 5730 septennii,

99 5753 904 5827 oneribuscrimiuuruetturruesisseusibusrdGlrristum
959 5747 1132 5807 iiiiiifflbae
1146 5739 1661 5820 Wlfflrcufflibbtdtffitlissttttwt·
1696 5737 1754 5828 Γ
