4000 6334
239 258 310 325 itii
631 254 806 321 merenti
825 256 873 320 in
891 255 1014 319 toilbli
1032 246 1213 321 emindii
1232 257 1262 320 b.
1283 256 1483 325 bennonim.
1814 260 1891 327 im

235 388 298 445 quae
319 380 363 429 est
390 371 513 431 Ecclesia
528 369 552 445 (l
567 370 634 427 Tim.
649 372 704 447 ιιι).
720 374 843 431 Ecclesia
867 389 921 429 nun
948 374 1037 444 narie·
1051 373 1077 434 Α
1093 374 1184 430 citur:
1202 373 1231 430 ln
1245 388 1328 431 manu
1343 374 1460 447 linquae,
1476 386 1552 431 mors
1572 381 1602 431 et
1622 370 1695 433 sltal
1712 370 1811 432 llidote
1825 374 1892 446 quid

236 464 308 521 tibus
323 464 460 527 consistit.
486 466 534 521 sed
550 466 577 520 in
593 466 751 537 dogmatum
773 466 899 523 veritate.
916 465 1039 521 Ecclesia
1093 466 1189 522 dicat:
1211 468 1284 525 Deus
1307 482 1362 523 non
1387 466 1465 523 audit
1490 467 1621 540 linquam,
1645 483 1701 525 non
1723 468 1821 535 verba.
1840 466 1892 525 secl

235 554 274 613 lbi
286 567 327 613 est
343 556 388 613 ubi
403 556 471 613 lldes
489 572 554 615 vera
569 566 621 614 cst.
638 561 776 633 crateram,
787 568 849 615 ante
865 560 1039 631 annosquin·
1091 576 1196 631 opera:
1212 570 1242 617 ιιι
1264 576 1432 633 quicumque
1450 561 1554 633 aliquid
1578 561 1714 631 loquitur,
1735 570 1765 618 et
1795 560 1892 617 iaciat.

235 648 324 707 decim
340 661 387 706 aut
401 650 509 723 viginti,
532 654 763 723 parietesomnes
783 652 827 709 bic
854 650 1038 709 Ecclesiarunt
1089 656 1250 727 Praecipitur
1276 672 1342 729 erpo
1367 657 1446 713 nobis
1468 656 1496 712 in
1516 657 1666 713 notissimo
1684 657 1795 728 psalm
1824 668 1890 726 pra-

233 740 357 799 hcerctici
371 744 561 814 possidebant.
581 746 651 800 ente
665 742 762 817 uiginti
777 746 849 801 enim
871 760 967 810 aranos,
979 759 1038 800 oru-
1087 750 1170 807 duam
1187 770 1195 805 :
1211 750 1247 806 ιη
1261 753 1380 807 „acerem
1394 749 1512 807 aialim
1526 767 1619 807 manas
1633 760 1731 807 pucras
1743 751 1773 805 in
1785 758 1889 806 mma.

232 850 283 894 nes
298 836 436 893 Ecclesiae
449 835 499 893 has
515 836 638 893 liaretici
650 836 836 908 possidebant.
854 834 976 893 Ecclesia
989 850 1037 891 an·
1088 843 1204 911 herere,
1217 843 1318 916 inquit,
1336 856 1432 900 manus
1447 853 1554 901 uestras
1566 859 1574 899 ε
1588 842 1652 914 quis
1667 842 1748 900 iesus
1757 857 1806 899 eas
1816 841 1891 899 lesa·

234 936 289 989 lcrn
303 946 366 988 vcra
381 930 438 988 illic
453 940 524 1000 erat,
539 930 584 987 uhi
599 947 662 988 vera
677 930 744 987 lldes
755 939 823 1009 erat.
841 930 913 1001 Ergo
926 942 975 985 vrrs
987 929 1036 985 be·
1088 938 1126 993 air
1137 940 1164 993 in
1179 952 1274 994 cauce.
1291 934 1325 993 la
1347 937 1467 992 noctibas
1487 936 1604 993 extollite
1624 952 1719 992 sannae
1739 944 1840 993 aerim
1860 936 1891 991 in

233 1023 353 1081 nedicite
367 1024 495 1093 llaminu,
508 1024 554 1096 qui
565 1024 632 1081 estis
640 1024 713 1081 servi
724 1022 910 1081 Dominillon
920 1031 962 1079 est
975 1022 1038 1093 pnl-
1087 1039 1190 1085 saneta.
1206 1028 1297 1100 Quare
1317 1029 1405 1085 soluit
1420 1028 1523 1087 addere
1544 1038 1573 1086 et
1592 1028 1702 1100 dicere,
1722 1030 1751 1085 in
1772 1026 1891 1085 saneta!

232 1117 298 1175 oltra
309 1118 518 1175 laudatioinnre
528 1116 1037 1191 peccatorileecl.xr).Ergovoslun-
1087 1122 1123 1180 Et
1135 1122 1258 1181 baererici
1272 1122 1400 1179 ridentur
1423 1122 1518 1181 leuare
1531 1137 1645 1192 manus,
1665 1134 1694 1179 et
1712 1122 1830 1195 gentiles
1843 1122 1889 1176 vi·

237 1212 518 1285 date,qnieslisserri
527 1213 644 1283 Domini,
653 1214 730 1284 etqui
739 1213 804 1269 estis
817 1211 1033 1280 serri‚ctstatis.
1087 1215 1189 1271 dentur
1203 1218 1294 1272 leuare
1308 1230 1415 1281 manus,
1430 1222 1455 1272 et
1481 1214 1571 1271 ludaei
1585 1215 1712 1271 videntur
1724 1218 1817 1272 leuare
1827 1229 1888 1270 nra-

231 1308 283 1376 Qui
297 1308 394 1364 statisi
408 1309 518 1377 Statuit,
531 1308 628 1377 inquit,
644 1322 728 1379 supra
742 1314 845 1378 petram
860 1306 944 1378 pedes
958 1320 1035 1363 meos
1085 1323 1138 1365 nus
1159 1326 1164 1361 :
1185 1308 1302 1364 Faciam
1324 1309 1398 1364 enim
1415 1317 1446 1363 et
1468 1307 1519 1379 ipsi
1544 1307 1737 1381 eleemosynas
1750 1326 1757 1361 ε
1770 1305 1793 1363 si
1809 1306 1889 1363 ride·

231 1399 320 1474 (Psal.
339 1401 444 1473 ιιιιι).
461 1400 495 1457 Et
515 1400 548 1457 ad
572 1400 683 1472 llopsen
700 1400 761 1456 :Tu
779 1415 846 1456 vcro
862 1397 906 1456 liic
919 1408 963 1455 sta
974 1413 1033 1455 me·
1086 1403 1144 1458 rint
1157 1416 1320 1472 pauperem,
1336 1417 1448 1458 aratrum
1468 1401 1622 1473 porrigunt.
1642 1401 1759 1470 Quando
1772 1401 1889 1459 iudans

230 1508 291 1553 cum
306 1492 528 1567 (Exedunt).
543 1493 619 1551 Deus
631 1495 707 1550 stetit
719 1495 746 1550 in
756 1507 893 1567 synagoga
905 1494 1032 1549 deorum.
1084 1493 1193 1550 dederit
1206 1494 1520 1567 eleemosynam,uonne
1536 1494 1586 1551 tibi
1600 1493 1712 1551 ridetur
1725 1494 1890 1552 levarema-

229 1586 266 1645 Et
285 1588 330 1661 qai
343 1588 430 1657 statis,
442 1604 497 1644 non
513 1586 683 1658 ubicumque
695 1603 702 1641 ι
716 1585 777 1655 sed,
793 1586 820 1640 in
835 1584 913 1640 donea
925 1584 984 1653 Dei,
1006 1585 1033 1639 in
1086 1587 1170 1643 numi
1184 1588 1270 1644 hcrat
1282 1589 1392 1657 quidem
1407 1602 1532 1656 manum,
1546 1588 1595 1645 sed
1616 1602 1671 1645 non
1687 1588 1762 1646 leuat
1774 1592 1803 1646 iu
1816 1604 1888 1645 san·

229 1682 303 1737 atriis
325 1682 417 1737 derisus
441 1680 490 1736 Dei
514 1680 607 1735 riustri.
631 1678 660 1735 ln
684 1678 825 1735 Hebraicis
847 1677 1033 1734 voluminibus
1084 1689 1129 1737 cta
1143 1698 1152 1742 a
1167 1682 1231 1752 qnia
1243 1679 1383 1737 Christum
1407 1698 1463 1737 non
1486 1680 1642 1738 conlitetur.
1659 1682 1715 1739 Vos
1728 1692 1819 1739 autem
1832 1681 1889 1750 qui

229 1790 284 1833 non
312 1774 442 1844 habetur,
464 1772 512 1830 sed
534 1774 562 1829 in
591 1770 715 1843 sequenti
742 1772 848 1841 psalmo
880 1780 932 1827 est.
958 1770 1032 1839 ero·
1047 1762 1073 1825 B
1087 1775 1155 1831 estis
1172 1776 1200 1831 in
1213 1773 1296 1830 darno
1310 1773 1429 1843 Domini,
1455 1774 1501 1845 qui
1523 1775 1603 1831 statis
1616 1774 1644 1831 in
1658 1775 1742 1831 dorne
1757 1776 1886 1841 Domini,

228 1870 310 1927 modo
324 1870 397 1926 enim
411 1868 536 1941 seqnitur
551 1867 578 1923 in
595 1868 654 1939 ipso
670 1866 794 1938 psalmoi
806 1864 923 1921 laudate
938 1880 1030 1919 nomen
1084 1870 1110 1923 in
1124 1869 1203 1924 atriis
1217 1867 1316 1924 domtus
1337 1868 1384 1924 Dei
1399 1868 1485 1924 nostri
1502 1887 1509 1922 ε
1524 1868 1572 1940 qui
1586 1869 1655 1925 estis
1664 1868 1736 1926 servi
1752 1868 1888 1939 Domini,

228 1964 346 2036 batarini,
372 1964 480 2020 laudate
499 1964 566 2019 serui
590 1962 742 2018 Dominum.
759 1960 811 2030 Qui
824 1962 898 2016 statis
912 1962 938 2015 in
953 1962 1030 2015 domo
1083 1961 1183 2031 quibus
1196 1960 1304 2017 dixerat
1319 1980 1325 2015 ι
1342 1961 1414 2017 Ecce
1427 1976 1508 2033 qnam
1523 1961 1624 2019 honnus
1639 1972 1667 2018 et
1681 1977 1763 2031 quant
1776 1962 1888 2034 jucun·

227 2053 346 2125 Domini,
371 2058 398 2112 in
422 2057 496 2111 striis
521 2054 614 2110 domur
638 2054 686 2108 Dei
700 2053 783 2108 nostri
809 2052 895 2125 (Psoi.
921 2050 1028 2123 ιιιιι).
1081 2056 1145 2111 dum
1161 2054 1287 2111 habitare
1300 2055 1404 2113 iratres
1426 2055 1453 2110 in
1478 2072 1563 2112 unum
1592 2054 1797 2130 (Prahcrsxn)
1813 2076 1820 2113 :
1837 2058 1889 2115 sic

227 2148 361 2219 Quoniam
371 2162 438 2221 ergo
451 2148 503 2205 iste
514 2148 634 2219 psalmus
645 2146 727 2203 babet
743 2165 750 2203 ι
767 2146 819 2216 Qui
829 2147 903 2201 statis
913 2146 941 2201 in
952 2147 1030 2201 dorico
1081 2148 1171 2205 leram
1184 2162 1292 2218 manus,
1306 2157 1337 2204 ut
1351 2150 1380 2204 in
1394 2158 1490 2205 sanctu
1503 2149 1612 2217 levetis,
1629 2149 1682 2205 bne
1699 2158 1752 2216 est,
1766 2159 1797 2206 ut
1809 2165 1889 2207 con·

226 2240 345 2309 Domini,
359 2242 387 2297 in
401 2242 476 2298 otrih
490 2242 582 2298 duntur
598 2238 647 2295 Dei
676 2238 760 2295 nostri
775 2255 784 2294 :
804 2238 951 2310 Propterea
966 2238 1027 2310 qul·
1082 2243 1215 2299 fateamini
1225 2241 1383 2313 Christum,
1401 2252 1429 2301 et
1440 2242 1571 2317 quidquid
1583 2240 1686 2314 laricis,
1702 2259 1751 2315 pro
1763 2243 1886 2302 censio

226 2333 289 2391 dam
304 2336 409 2407 putarit
429 2345 458 2391 et
479 2334 507 2389 in
534 2334 594 2404 ipso
617 2332 724 2405 psalmo
738 2331 784 2402 qul
800 2330 960 2402 praecessit:
977 2331 1029 2397 Qui
1080 2333 1197 2389 laciniis.
1214 2332 1347 2401 Virtutes,
1363 2349 1414 2405 pro
1438 2331 1571 2405 qualitate
1589 2332 1734 2400 laciensis,
1754 2334 1887 2392 diversae

224 2428 300 2487 stetis
313 2427 428 2485 induam
443 2426 549 2484 Domini
565 2442 575 2483 .·
593 2426 696 2484 dehere
707 2425 808 2483 addere
823 2443 830 2480 :
845 2427 873 2479 in
891 2425 965 2481 atriis
980 2424 1026 2480 do
1080 2435 1155 2485 sunt.
1168 2424 1209 2483 Ac
1223 2426 1331 2484 sidicat
1348 2444 1354 2482 ε
1370 2426 1446 2483 Facit
1458 2427 1665 2500 eleemosynam
1678 2426 1857 2485 Christianus
1875 2448 1889 2487 e

224 2538 283 2578 mas
296 2521 345 2578 Dei
358 2523 451 2579 nostri.
466 2520 536 2591 Quid
551 2530 641 2577 autern
655 2520 800 2591 significet,
811 2518 838 2576 in
848 2520 922 2575 atriis
934 2518 1027 2575 duatus
1079 2520 1145 2576 lacit
1159 2527 1187 2574 et
1199 2517 1323 2591 perutilis,
1334 2517 1400 2575 iacit
1410 2528 1440 2575 et
1450 2519 1572 2583 iudans.
1585 2518 1652 2575 lacit
1669 2528 1699 2576 et
1711 2520 1778 2576 alius
1791 2519 1888 2576 Chri-

223 2616 274 2673 Dei
284 2618 378 2687 nostri,
393 2626 421 2675 et
434 2632 495 2689 quus
509 2616 545 2674 sit
559 2614 715 2673 differentia
726 2614 825 2673 doinus
837 2624 865 2672 et
879 2614 1025 2684 atriorum,
1079 2614 1185 2671 elianus
1203 2614 1247 2670 vir
1259 2622 1382 2671 sauctus.
1405 2612 1531 2669 laterales
1541 2613 1649 2685 aliquos
1662 2612 1697 2670 de
1710 2612 1887 2670 Christianis

223 2712 251 2770 in
265 2715 388 2784 sentienti
402 2712 510 2783 psalmo
520 2727 582 2769 cum
597 2711 684 2768 lectus
698 2708 791 2777 luerit,
807 2709 966 2766 disseretur.
1078 2706 1142 2764 idco
1156 2706 1222 2763 dare
1235 2705 1452 2777 eleemosynam,
1464 2717 1493 2762 ut
1507 2705 1655 2763 laudentur
1673 2721 1690 2761 a
1712 2705 1833 2776 populis.
1848 2705 1886 2762 si

261 2806 296 2863 ln
308 2806 427 2863 noctibus
442 2806 559 2863 extollite
573 2823 664 2861 triones
679 2814 775 2861 uestras
788 2805 817 2861 in
831 2812 933 2860 runcis.
948 2803 1026 2860 Mun·
1076 2802 1185 2874 qnando
1197 2817 1300 2873 pauper
1310 2800 1886 2874 ropalbuocellanr,bucillncquecircttm-

225 2902 276 2959 dus
291 2904 344 2958 iste
359 2902 385 2957 in
401 2900 524 2973 maligno
546 2901 654 2971 positus
677 2907 719 2956 est
739 2899 762 2972 (l
776 2897 857 2955 loun.
870 2899 909 2970 v),
924 2907 952 2956 et
970 2916 1025 2955 nun
1076 2894 1240 2965 spiciunt,et
1254 2894 1306 2950 uisi
1317 2900 1415 2949 testem
1425 2894 1557 2960 uiderint,
1570 2894 1712 2965 pecuniam
1726 2908 1779 2950 non
1789 2895 1882 2953 dant.

220 3006 265 3055 est
276 2995 356 3053 nobis
369 3010 457 3068 pugna
468 2995 602 3052 aduersus
614 3008 724 3051 carnem
740 3002 768 3049 et
782 2993 954 3065 sanquinem,
976 2993 1024 3049 sed
1076 2990 1105 3048 si
1118 2990 1194 3045 solus
1204 2989 1297 3056 luerit,
1307 2989 1552 3047 marruseontrslrit
1563 3008 1569 3043 :
1581 3006 1638 3045 non
1648 2990 1697 3046 dat
1709 2988 1840 3046 libenter.
1855 2991 1885 3048 0

220 3090 352 3145 aduersus
367 3100 488 3145 rectores
512 3088 687 3145 tenebrarum
712 3086 824 3141 istarum
846 3082 957 3157 (Epires.
973 3084 1022 3155 ιι).
1075 3092 1115 3146 ιιι,
1126 3080 1292 3151 Christiane,
1306 3091 1385 3154 rogat
1395 3090 1423 3139 te
1437 3096 1542 3154 pauper
1552 3090 1583 3138 ut
1596 3082 1647 3138 des
1666 3082 1694 3139 ei
1708 3082 1882 3153 pecaniam

221 3181 298 3239 Unde
309 3181 411 3239 dicitet
421 3180 568 3254 Apostolus
584 3198 591 3235 ι
607 3178 668 3236 Nox
683 3178 824 3251 praecessit
838 3194 844 3232 :
859 3178 918 3234 dies
931 3184 1022 3234 autern
1035 3159 1060 3224 C
1074 3190 1226 3247 quarenon
1240 3177 1290 3232 das
1301 3175 1328 3232 in
1346 3176 1466 3243 occulto,
1482 3176 1531 3233 sed
1546 3175 1598 3232 das
1612 3177 1639 3231 iu
1652 3175 1821 3247 publicnlSi
1833 3186 1884 3235 te-

222 3276 453 3349 appropmquavit
468 3274 558 3347 (honr.
574 3272 644 3345 ιιιι).
660 3273 731 3345 Ergo
745 3276 796 3330 lanc
810 3272 951 3337 tacidum,
968 3286 1022 3327 nox
1075 3280 1145 3327 stem
1158 3270 1243 3327 Deum
1255 3272 1357 3341 quaeris
1374 3290 1380 3325 :
1398 3270 1532 3327 humanos
1545 3269 1642 3326 oculos
1655 3269 1718 3341 quid
1732 3268 1882 3342 requiesse

219 3380 272 3428 est.
288 3367 425 3426 seculum
441 3382 507 3423 sero
533 3366 665 3431 futurum,
681 3364 741 3422 dies
755 3374 807 3422 est.
824 3362 902 3422 Unde
914 3363 980 3421 dicit
994 3370 1023 3419 et
1074 3364 1255 3437 Eleemosyna
1265 3371 1310 3420 tua
1323 3362 1395 3437 apud
1409 3362 1553 3434 imperitos
1562 3362 1740 3420 videturesse
1748 3364 1883 3421 elecmo-

219 3460 390 3533 Apostolus:
411 3458 488 3516 Sicut
501 3461 528 3515 in
542 3458 597 3523 die,
612 3458 709 3530 inquit,
726 3458 1022 3515 lrnncsteambulemus
1071 3469 1140 3533 syna
1158 3478 1164 3514 :
1180 3468 1310 3516 catenum
1334 3458 1406 3531 apud
1431 3458 1517 3515 Deum
1540 3458 1638 3529 injuria
1662 3468 1715 3515 est·
1737 3456 1880 3529 iniuriam

219 3553 318 3629 (ibid.)
332 3553 475 3623 Quomodo
490 3551 587 3610 victuri
604 3566 697 3609 sumus
724 3552 751 3607 in
777 3552 834 3619 die,
858 3550 910 3607 boc
925 3561 977 3618 est,
992 3552 1021 3607 in
1074 3556 1149 3611 enim
1159 3554 1227 3610 lacis
1237 3550 1747 3611 iratrituo.llisenimrldeniibnsalils
1760 3552 1881 3608 mendi·

217 3647 310 3705 futuro
324 3646 425 3703 seculo
440 3661 448 3700 ι
463 3645 485 3701 si
499 3660 570 3701 nunc
583 3646 715 3701 sirannus.
728 3641 762 3699 in
774 3644 892 3699 noctiluca
906 3643 1022 3700 extollite
1072 3663 1135 3703 cnm
1144 3645 1303 3704 ostendere.
1311 3644 1426 3716 Quarrdn
1435 3660 1501 3717 erqo
1507 3645 1615 3712 damus,
1623 3644 1781 3701 noridemus
1788 3646 1879 3717 quasi

218 3756 312 3797 sumnus
326 3748 423 3795 oestrus
437 3740 465 3793 in
475 3746 574 3793 sautu.
593 3736 722 3802 Velinus,
734 3736 863 3804 nolimus,
883 3737 911 3793 ln
932 3736 1017 3795 nocti·
1072 3740 1107 3797 de
1118 3748 1225 3803 nostro.
1238 3739 1286 3795 sed
1299 3738 1333 3795 de
1346 3739 1421 3797 dono
1434 3737 1549 3795 Christi.
1575 3738 1633 3795 lion
1656 3737 1788 3796 dehemus
1798 3737 1880 3795 dere

218 3833 269 3890 hus
282 3848 387 3889 sumus.
400 3830 536 3901 Quamdiu
550 3832 577 3886 in
593 3830 644 3887 isto
656 3830 755 3887 seculo
766 3846 870 3899 snmus,
893 3832 918 3887 in
933 3832 1021 3890 nocti·
1071 3833 1150 3905 quasi
1161 3832 1299 3899 mendico,
1310 3831 1359 3889 sed
1370 3832 1447 3903 quasi
1459 3831 1548 3888 iratri.
1560 3831 1614 3889 lios
1623 3831 1719 3889 damus
1728 3834 1876 3899 earnalia;

217 3926 269 3984 bns
283 3924 461 3982 eumachus
478 3923 607 3981 tenebras
622 3922 713 3978 babet.
730 3922 830 3981 Noctes
841 3933 930 3981 autern
954 3926 1020 3981 ista·
1074 3928 1120 3983 illc
1134 3927 1181 3983 dut
1190 3925 1343 3999 spiritualia
1359 3943 1366 3980 r
1383 3925 1444 3996 plus
1456 3923 1504 3982 dat
1517 3940 1632 3997 pauper,
1650 3940 1732 3997 quam
1752 3927 1876 3993 accipit.

217 4034 278 4077 rum
289 4017 475 4081 tenebrarum.
488 4026 596 4087 peccata
608 4026 672 4071 sunt
682 4015 836 4072 hominum.
846 4015 942 4073 llidete
953 4033 1019 4091 crgo
1070 4021 1236 4078 Nosdamus
1252 4036 1363 4094 panem,
1380 4020 1470 4090 quiin
1486 4019 1544 4103 ipsa
1559 4018 1606 4077 die
1618 4018 1804 4083 consumimur
1820 4020 1878 4079 ille

216 4110 376 4184 qniddlcat:
389 4105 1017 4165 lnrroetiiureatollitcmensurenturinsancto.
1068 4132 1120 4188 pro
1135 4130 1205 4187 pane
1228 4114 1327 4172 reddet
1352 4114 1433 4171 nobis
1456 4128 1539 4187 reque
1558 4113 1701 4173 ccelorunt.
1716 4113 1790 4185 Ergo
1812 4112 1877 4171 hoc

217 4204 298 4273 Dunr,
311 4202 410 4274 iuquit,
424 4199 491 4259 estis
503 4199 714 4267 inistosaeculo‚
725 4209 752 4257 et
764 4201 791 4257 in
806 4202 866 4259 istis
880 4203 1016 4271 noctibus,
1068 4208 1147 4279 men,
1162 4220 1195 4270 ar
1216 4208 1288 4282 quod
1311 4205 1445 4277 iacimus,
1473 4207 1607 4265 iaciamus
1632 4208 1660 4264 ιιι
1684 4214 1803 4263 mucio:
1820 4216 1876 4265 aut

218 4296 309 4355 lenate
329 4304 554 4355 manusrestrus.
575 4292 666 4351 Nolite
686 4294 840 4365 demittere,
854 4295 901 4352 sed
916 4297 1015 4353 levate.
1067 4303 1140 4375 qnod
1165 4302 1296 4371 iaciruus,
1322 4300 1425 4359 Christi
1452 4316 1535 4357 carisa
1559 4300 1700 4359 iaciemus.
1725 4300 1872 4357 Caeterum

217 4391 321 4449 berete
332 4406 394 4448 cum
404 4389 497 4462 llopse
509 4386 609 4463 (Eruci.
623 4390 701 4460 ιιιι).
713 4388 743 4445 Si
752 4390 909 4447 levaveritis
921 4406 1017 4448 nacturus
1067 4396 1145 4453 multi
1167 4396 1284 4468 gentiles
1296 4395 1342 4467 qni
1354 4395 1458 4452 iaciunt
1469 4395 1684 4467 eleemosynam,
1701 4392 1725 4450 si
1742 4393 1874 4452 viderint

215 4494 338 4553 uestras,
353 4484 472 4541 viricitur
487 4482 609 4539 analeo.
625 4480 656 4539 Si
671 4490 762 4538 autem
778 4482 952 4550 detrahentis,
968 4500 1015 4541 su·
1065 4489 1184 4561 aliquem
1195 4487 1338 4559 praecisam
1350 4502 1461 4544 manum
1473 4489 1575 4545 babere
1586 4484 1756 4545 :sivlderint
1766 4488 1873 4557 pedena

217 4586 330 4653 peratur
345 4576 434 4633 lesus.
452 4574 593 4646 Simulque
608 4574 781 4631 considerate
795 4576 966 4646 mysterium.
983 4575 1012 4634 Sl
1026 4550 1054 4613 D
1066 4584 1170 4643 babere
1181 4598 1343 4643 cancrosum
1365 4592 1394 4641 et
1413 4582 1564 4656 putridum,
1579 4583 1672 4641 statim
1684 4582 1792 4637 animus
1807 4582 1873 4641 iliis

215 4686 268 4730 11⁰⁸
280 4670 400 4727 leiimui
413 4682 519 4735 illabili,
529 4668 616 4725 illest
625 4666 751 4725 iiiiii-Si
761 4668 941 4727 leliliilmlls
955 4685 1012 4726 ιιι·
1065 4678 1285 4737 dolet.llincitur
1295 4680 1414 4734 bumana
1425 4678 1516 4735 anima
1528 4678 1645 4734 naturali
1655 4675 1869 4733 misericordia.

218 4782 271 4827 nus
279 4775 387 4823 nostras
401 4763 429 4820 in
440 4761 519 4819 bonis
529 4762 669 4834 operibus,
677 4776 725 4835 per
738 4761 809 4819 bona
823 4759 906 4833 operi
918 4776 1011 4821 nostra
1065 4774 1100 4830 ιιι
1119 4772 1183 4847 quid
1210 4772 1293 4829 dicier
1308 4772 1379 4829 Ecce
1398 4786 1450 4843 ega
1463 4770 1487 4827 ei
1503 4771 1565 4826 ralia
1577 4784 1679 4839 emani,
1695 4769 1762 4841 qnid
1773 4770 1871 4828 miser

215 4862 343 4923 Christus
352 4868 465 4933 superat
479 4858 629 4915 diabolum.
645 4858 741 4917 Darius
758 4867 849 4917 autem
873 4859 1010 4933 interpre-
1064 4866 1250 4930 laceramine
1264 4866 1324 4923 lieri
1342 4874 1434 4937 potest
1447 4874 1476 4921 ut
1489 4866 1553 4921 talis
1568 4867 1638 4930 sins,
1654 4865 1716 4938 quis
1730 4863 1797 4920 mihi
1812 4866 1870 4921 da·

212 4971 306 5019 tantur
329 4958 356 5015 ln
384 4954 526 5028 operibus.
554 4952 634 5011 llnde
660 4952 793 5013 scribitur
816 4974 822 5009 ε
846 4954 946 5014 Factus
967 4966 1012 5013 est
1067 4963 1125 5019 biti
1140 4963 1175 5019 Et
1189 4977 1242 5034 epo
1261 4960 1348 5019 debeo
1363 4960 1505 5033 erqohuic
1519 4960 1609 5018 dare:
1627 4969 1658 5015 ut
1679 4970 1708 5017 et
1728 4960 1796 5015 mihi
1814 4960 1871 5018 det

213 5070 306 5117 sermo
319 5052 430 5111 Domim
445 5050 472 5109 in
484 5065 566 5108 manu
581 5050 674 5123 nagal
692 5070 698 5104 ε
713 5051 811 5109 Sermo
825 5051 914 5109 lactns
925 5063 968 5109 est
982 5051 1011 5109 ln
1063 5056 1176 5129 aliquis,
1198 5057 1221 5112 si
1237 5055 1300 5111 talis
1312 5056 1399 5112 luero.
1415 5055 1470 5113 lste
1482 5054 1593 5126 quidem
1616 5054 1664 5111 dat
1682 5058 1794 5125 pauperi
1812 5070 1871 5127 pa-

213 5174 298 5217 mann
312 5156 440 5215 ieremiae
458 5152 611 5224 prophetae.
624 5151 725 5224 Utique
740 5166 832 5209 sermo
846 5153 895 5209 Dei
912 5168 966 5208 nnn
981 5152 1012 5207 ht
1062 5167 1142 5219 nem;
1159 5150 1248 5207 sedin
1264 5165 1386 5223 paupere
1404 5150 1447 5206 sui
1463 5150 1621 5216 miseretur,
1639 5165 1692 5207 nnn
1706 5148 1793 5205 illius.
1803 5150 1870 5209 ista

211 5252 239 5309 in
258 5264 361 5316 nnana,
377 5247 425 5304 sed
442 5246 469 5303 in
484 5262 531 5303 ore
542 5246 582 5301 dt.
597 5244 651 5303 Sed
667 5244 759 5301 videte
779 5245 927 5318 Scriptura
947 5260 1008 5318 my·
1061 5242 1263 5316 misericordia,
1280 5258 1335 5299 non
1350 5242 1452 5301 christi
1466 5241 1673 5308 misericordia;
1688 5242 1735 5300 sed
1746 5241 1791 5299 sui
1808 5245 1870 5301 ιι-

211 5342 294 5401 steria
313 5340 406 5398 :Deus
427 5354 481 5395 non
505 5339 580 5395 venit
602 5338 636 5394 ad
658 5352 816 5393 sermonem
842 5338 902 5394 sine
923 5352 1008 5410 opere
1062 5333 1215 5398 sericordia
1237 5351 1292 5396 est.
1314 5340 1403 5397 Dmne
1431 5353 1499 5412 erqo
1523 5338 1596 5410 quod
1620 5336 1744 5404 iacimus,
1755 5335 1870 5396 cnrisn

211 5436 295 5495 bono.
310 5432 447 5491 Caeterum
472 5443 500 5489 et
527 5430 665 5488 homicida
691 5429 830 5488 Christum
850 5430 1007 5501 confitetur,
1060 5450 1142 5493 cansa
1153 5432 1302 5503 iaciamus,
1319 5431 1450 5490 iaciamus
1464 5432 1492 5489 ιιι
1507 5439 1613 5488 sancto.
1627 5430 1693 5488 Sive
1707 5428 1868 5487 mandaca-

209 5538 239 5589 et
253 5546 308 5588 non
319 5528 398 5585 uenit
411 5528 446 5583 ad
463 5525 538 5582 illum
553 5525 687 5583 Dominus
702 5543 707 5580 :
724 5525 786 5597 qnia
808 5540 905 5582 manus
922 5527 1008 5598 ipsius
1063 5546 1135 5599 murs,
1150 5530 1209 5587 siue
1224 5528 1355 5593 bibimus,
1371 5527 1462 5582 omnia
1477 5527 1504 5581 in
1520 5524 1632 5581 nomine
1645 5522 1748 5580 Christi
1771 5522 1868 5581 iacia-

211 5624 318 5681 Domini
336 5622 483 5679 aduentum
499 5635 555 5677 non
567 5627 718 5677 merentur.
734 5619 812 5677 llnde
824 5622 1008 5694 scriptumest
1061 5639 1123 5681 mus
1137 5624 1160 5694 (l
1172 5621 1234 5678 Cor.
1248 5619 1458 5693 rescripseras
1475 5620 1601 5691 legimus.
1617 5615 1742 5675 Psalmns
1755 5616 1869 5677 edisti·

210 5718 237 5775 lu
254 5716 309 5772 alio
323 5715 384 5772 loco
398 5732 403 5765 :
419 5712 448 5769 ln
471 5727 555 5769 mana
571 5710 686 5784 lingue,
702 5727 777 5771 mors
794 5721 822 5770 et
840 5713 893 5769 rita
914 5712 1005 5785 (Proe.
1060 5731 1135 5783 mus,
1151 5714 1299 5786 Evangelia
1322 5722 1462 5782 tenemus,
1487 5714 1635 5787 propbetas
1655 5712 1867 5771 edisserimus:

210 5809 303 5881 truta).
318 5808 390 5881 Erpo
406 5808 499 5879 linqua
518 5818 616 5865 manus
638 5804 737 5865 hebeti
754 5806 853 5876 Dicite,
869 5807 1006 5880 quamdi·
1061 5824 1119 5868 non
1133 5806 1268 5866 debemus
1281 5806 1335 5865 hoo
1348 5806 1386 5864 ita
1399 5808 1489 5865 iacere
1502 5816 1532 5865 nt
1543 5806 1692 5880 gloriemur
1710 5805 1781 5879 apud
1799 5807 1869 5866 ira·
