4000 6334
140 5443 155 5453 “
228 5433 275 5488 bus
288 5430 366 5504 idern
379 5447 426 5500 pre

214 365 265 423 iti
856 355 885 412 S.
907 343 1043 412 dcccliii
1062 348 1251 408 titubenttii
1814 342 1865 398 tia

212 494 276 554 gunt
288 481 472 537 doctrinarum
486 475 592 536 uolebat
602 477 738 546 accipere.
752 471 786 528 itt
800 471 896 537 studete,
913 467 1011 540 inquit,
1025 466 1051 529 Α
1063 467 1163 539 quibas
1179 467 1232 522 nisi
1253 467 1344 522 enimn
1360 467 1490 521 instructa
1505 462 1587 518 luerit
1601 469 1749 530 sternata,
1771 469 1865 518 seete·

212 575 347 630 inrmietls
361 569 463 630 otiabar
477 573 622 644 altipetant,
645 578 669 624 et
686 568 787 642 pallent
807 580 866 620 cuns
887 576 917 621 ee
933 577 942 618 :
957 564 1011 618 tal·
1063 570 1121 616 rent
1138 559 1239 616 bebere
1252 557 1395 614 bentinnm
1412 565 1466 612 nnn
1482 564 1614 611 meretur.

211 671 264 724 elie
278 679 302 724 et
313 667 434 722 maurita
446 665 520 720 miii.
537 665 654 734 illigata
676 669 735 716 erat
756 660 832 715 asina
848 658 940 714 multis
954 657 1013 711 nin·
1100 651 1384 727 (irremissius
1405 662 1492 707 autent
1510 649 1587 704 turbe
1612 654 1758 703 etrareruut
1779 647 1863 702 uesti-

214 761 284 820 culis
300 767 484 833 peecatorem.
499 757 589 813 Puilns
604 763 711 826 quoqne
733 745 861 819 lascivus,
879 757 906 804 et
922 749 1013 804 irene-
1064 758 1150 806 mente
1163 762 1210 805 sua
1221 750 1248 804 in
1261 747 1312 803 riu.
1330 745 1426 802 titisse
1438 743 1621 801 differentiam
1642 741 1864 813 uniuscuiusque

216 865 275 911 rtem
290 853 434 924 impatiens
452 845 531 924 100
546 860 606 904 eunt
628 854 727 911 inette,
751 843 900 900 secundnm
924 841 1013 896 bren·
1064 855 1200 915 personae.
1214 838 1336 911 lipnstoll
1351 838 1513 895 vestimenta
1527 851 1577 892 sua
1592 846 1677 906 super
1690 835 1800 890 asinum
1817 847 1869 904 pc·

215 949 314 1020 peliunt
329 945 408 1002 Lucu
423 941 501 1016 (Cep.
518 940 586 1012 tit),
604 949 617 977 ¹¹
632 939 733 994 multet
747 935 862 991 intbebnt
875 933 1013 996 dominos,
1065 943 1144 998 arunt,
1156 935 1234 990 turim
1247 947 1308 1004 que
1320 932 1401 987 allier
1413 929 1632 1012 est,substernit
1646 923 1762 1000 pedibus
1773 923 1868 996 esini;

218 1057 271 1098 non
285 1039 329 1096 niti
343 1029 429 1096 errnri
451 1047 478 1093 et
492 1035 611 1106 dcqtnntl
627 1032 770 1088 subditus:
789 1039 817 1086 et
832 1039 920 1084 temen
937 1025 1013 1082 multi
1065 1027 1163 1085 necttbi
1176 1027 1296 1085 edetndat
1319 1027 1345 1082 in
1367 1025 1505 1097 lapidem,
1522 1037 1561 1080 ne
1571 1019 1659 1080 calcet
1678 1022 1808 1094 spinam,
1831 1030 1869 1078 ne

220 1133 322 1190 demini
345 1129 390 1204 qni
413 1123 465 1185 sibi
490 1133 651 1199 patestatem
675 1124 797 1179 illicitam
823 1119 1013 1186 vindicabant,
1066 1120 1177 1179 taberne
1194 1124 1221 1177 tq
1238 1122 1353 1177 teneam.

218 1225 341 1282 uidentes
359 1237 452 1277 aerum
471 1219 637 1282 bemineru,
661 1224 689 1272 et
707 1225 801 1271 serres
815 1213 874 1284 citus
895 1211 1013 1280 uenisse,
1102 1215 1156 1272 Atii
1169 1223 1258 1271 aetem
1273 1215 1405 1271 cedetque
1428 1226 1517 1268 remae
1529 1211 1562 1266 de
1582 1210 1720 1266 arentem
1730 1249 1739 1278 ‚
1760 1219 1785 1264 eq
1803 1217 1872 1265 em.

216 1312 472 1388 quiadselvendum
482 1312 557 1367 missi
568 1310 684 1374 luerent,
697 1307 865 1364 nenetttlent
876 1306 1014 1360 resistere.
1067 1309 1162 1364 aebeat
1175 1309 1203 1362 in
1215 1309 1267 1362 ela.
1287 1308 1324 1364 lie
1342 1300 1486 1363 arboribus
1502 1302 1659 1376 iruplleris,
1674 1299 1773 1374 quibes
1789 1314 1873 1358 mons

216 1403 333 1479 Qttae'sit
347 1414 437 1463 eutem
460 1407 548 1472 asina,
573 1413 600 1460 et
624 1403 714 1473 pullus
735 1402 837 1470 tutta,
853 1399 975 1456 dicemus
988 1399 1014 1453 in
1066 1401 1165 1458 iiiireti
1179 1401 1303 1457 censitus
1315 1409 1369 1469 est,
1380 1397 1525 1456 caedebant
1536 1408 1639 1463 munes,
1653 1393 1873 1467 sternebatque

217 1503 344 1560 sttbditis.
790 1565 796 1574 ι
1068 1495 1096 1550 itt
1110 1495 1154 1550 tie
1169 1514 1175 1550 ι
1191 1503 1223 1550 ut
1244 1507 1328 1565 prara
1343 1497 1416 1549 recte
1429 1490 1572 1560 lacerent,
1588 1491 1615 1546 ei
1634 1498 1778 1562 oeqnerent
1801 1487 1873 1544 inee-

251 1599 343 1674 (ilers.
358 1597 386 1664 i,
404 1595 445 1668 ii.)
459 1589 517 1650 liae
530 1602 616 1648 autent
628 1593 783 1664 feramen,
796 1601 823 1646 ut
832 1587 1017 1661 adimpleretur
1067 1588 1159 1660 quella
1174 1601 1249 1660 :quo
1263 1587 1364 1644 rectius
1378 1595 1460 1656 atque
1475 1581 1600 1641 securius
1614 1581 1642 1640 in
1655 1579 1739 1640 corde
1753 1581 1874 1639 cretica·

220 1693 289 1762 qued
302 1691 400 1746 dictant
413 1695 450 1745 eti
463 1704 507 1760 per
517 1689 678 1761 proplietam,
693 1686 819 1740 dicentem
831 1700 840 1738 :
854 1681 939 1737 liicite
950 1681 1013 1751 ,illle
1069 1682 1149 1748 tium,
1163 1679 1302 1749 cbristus,
1314 1679 1468 1735 daetttottum
1479 1687 1561 1749 atque
1575 1675 1703 1732 uitiorum
1717 1673 1808 1732 rietur
1824 1673 1870 1730 in·

221 1784 298 1850 Sion,
312 1781 380 1838 Eece
391 1797 437 1837 rec
447 1787 505 1836 tates
516 1781 583 1835 eruit
603 1777 648 1833 tibi
659 1784 820 1846 mantnetua,
833 1775 926 1830 redens
940 1787 1018 1846 supet
1070 1777 1191 1834 eederet.

220 1875 320 1930 aunem
338 1884 364 1929 et
372 1872 480 1944 spellam
491 1871 575 1940 plicent
592 1869 748 1943 subiuqeiit.
771 1867 828 1924 liuc
843 1869 869 1921 in
886 1865 1018 1936 propbeta
1034 1855 1058 1920 ii
1106 1869 1197 1940 (Vera.
1217 1866 1258 1941 9.)
1272 1863 1365 1923 Tartar
1378 1877 1465 1922 auteur
1478 1879 1537 1936 quae
1552 1861 1750 1934 ptreeetlelnnt,
1770 1871 1796 1916 et
1813 1877 1874 1934 qtae

221 1965 353 2023 Zacltarle
368 1965 498 2035 scriptum
513 1972 556 2020 est
574 1963 627 2018 :de
639 1975 692 2033 que
705 1957 828 2032 plenius,
845 1960 869 2016 si
882 1959 945 2014 uitee
958 1971 1020 2029 spe·
1070 1966 1253 2036 sequebantur,
1265 1961 1423 2028 clamabant,
1434 1960 1566 2015 dicentes:
1577 1957 1683 2012 dannan
1694 1955 1749 2028 filie
1762 1951 1849 2010 Dauid
1862 1971 1874 2012 .·

222 2061 288 2115 riettt
304 2059 395 2124 interit,
412 2059 439 2112 in
454 2067 503 2113 sue
516 2049 621 2112 dicetur
634 2049 704 2111 ioco.
730 2049 807 2110 Nune
831 2051 1019 2123 mingendum
1070 2056 1219 2111 meedictae
1233 2055 1277 2124 qui
1298 2054 1366 2109 uenit
1387 2052 1415 2108 in
1440 2053 1546 2106 nemine
1569 2048 1698 2118 betaini;
1722 2063 1824 2104 esnttna
1846 2049 1874 2102 in

220 2151 348 2219 brevitur,
365 2151 437 2221 qued
463 2149 613 2206 secundent
630 2149 746 2204 litteram
768 2147 795 2202 in
811 2157 900 2220 parre
915 2143 1020 2201 itineris
1070 2147 1188 2203 eccelsia.
1203 2145 1271 2215 Quia
1286 2145 1427 2200 matrileste
1444 2149 1485 2201 est
1499 2143 1628 2208 historin,
1642 2139 1814 2214 spiritualem
1828 2153 1873 2196 se-

220 2244 310 2314 spetie
333 2237 689 2313 superutrumquennimti
705 2239 803 2295 sedere
818 2250 871 2294 nen
893 2237 1019 2309 quiverit.
1070 2255 1185 2313 qttemur
1205 2241 1328 2296 eruissent
1352 2235 1519 2296 disserendi.
1543 2238 1643 2294 Turbes
1666 2250 1726 2306 qun
1751 2247 1873 2305 egressae

221 2334 276 2389 but
290 2331 362 2389 euim
377 2331 446 2391 sedit
460 2333 555 2395 asinae,
572 2341 600 2387 et
613 2332 702 2404 pullas
715 2332 818 2403 absque
830 2339 941 2388 sessore
954 2329 1019 2386 latit:
1072 2335 1181 2392 luerent
1194 2333 1229 2391 de
1245 2333 1370 2400 leticie,
1391 2339 1420 2388 et
1436 2338 1537 2388 secutae
1561 2337 1627 2385 suttt
1649 2327 1819 2386 saluatorem
1841 2341 1874 2384 ae

221 2439 269 2485 nut
283 2431 304 2484 si
320 2429 405 2500 polio,
419 2427 493 2499 qued
512 2428 599 2499 mapls
621 2427 767 2498 competit,
792 2440 859 2482 usus
872 2423 958 2481 estad
974 2439 1021 2480 se·
1072 2427 1223 2499 discipules
1237 2425 1307 2497 eius,
1323 2433 1466 2498 postquam
1481 2425 1583 2496 pullum
1598 2423 1683 2479 asinae
1699 2423 1818 2478 solutum
1833 2421 1875 2477 ti·

221 2521 352 2586 dendnnt,
368 2521 442 2576 asina
457 2515 538 2576 ducta
553 2528 594 2575 est
608 2519 703 2576 libera.
730 2519 801 2590 liupo
822 2531 883 2574 eunt
905 2517 1021 2573 ltltteria
1071 2526 1170 2580 nerunt
1185 2518 1245 2596 (qni
1267 2530 1331 2578 stete
1347 2522 1445 2594 tigerus
1459 2517 1558 2592 inerat)
1571 2527 1599 2576 et
1614 2516 1802 2589 apestolorum
1826 2529 1876 2572 ne·

223 2615 266 2669 tel
288 2607 536 2684 itnpessibiiitatent
561 2611 677 2676 babeat,
698 2611 741 2668 uel
760 2611 965 2682 turpitudinem,
987 2610 1022 2666 ad
1072 2617 1160 2673 seinos
1174 2623 1348 2682 exornatum,
1364 2622 1391 2669 et
1404 2611 1547 2669 sedentem
1557 2625 1641 2681 super
1652 2623 1714 2666 enm
1728 2605 1874 2664 bennenom

223 2709 319 2764 altiora
333 2706 541 2762 transmittimur
555 2723 562 2760 :
579 2714 608 2760 ut
619 2706 696 2762 asina
710 2702 784 2761 itate
801 2718 861 2776 qnae
874 2701 1023 2776 suisiugalis
1072 2710 1175 2776 iesum,
1189 2717 1390 2782 supposuerunt
1404 2708 1567 2765 uestimenta
1588 2717 1658 2775 sne,
1675 2714 1703 2760 et
1716 2707 1876 2759 straverunt

222 2803 284 2871 luit,
309 2811 337 2858 et
350 2801 478 2869 edomita,
495 2805 521 2857 et
540 2801 632 2872 iugum
648 2799 716 2872 legis
731 2807 867 2869 traxerat,
881 2799 1022 2872 synagoga
1072 2803 1144 2859 niem
1158 2805 1241 2860 rumis
1256 2803 1394 2860 arborum.
1419 2800 1543 2870 Cumque
1564 2811 1649 2869 opere
1671 2806 1771 2853 cannete
1792 2796 1876 2853 lecis-

223 2893 406 2966 lniellliiiuii
424 2894 516 2966 bullis
534 2893 629 2964 libide,
656 2892 775 2949 lasciuus
798 2893 925 2960 etlinun,
952 2893 1024 2950 Gen·
1073 2908 1144 2966 sent,
1158 2895 1356 2969 recisqnoqne
1379 2895 1503 2952 tribuunt
1526 2891 1711 2950 testimoninm
1726 2909 1733 2946 :
1751 2899 1778 2947 et
1801 2905 1875 2962 prte-

224 2990 292 3043 tium
306 2989 433 3059 populns,
446 2987 544 3057 quibus
559 2985 660 3042 sederit
671 2986 761 3050 lesus,
780 2993 808 3042 et
824 2987 913 3042 missis
928 2983 960 3041 ad
975 2995 1023 3042 ees
1073 2991 1202 3049 cedentes
1217 3000 1322 3062 ratque
1335 3000 1482 3062 sequentes
1504 3003 1557 3045 nen
1579 2987 1653 3044 breti
1678 2995 1760 3060 atque
1781 2985 1875 3042 silenti

226 3081 358 3138 eduobus
372 3079 514 3152 discipulis
527 3079 593 3146 anis,
610 3089 664 3134 une
683 3077 977 3146 incircumcisionem,
994 3086 1023 3136 et
1074 3081 1270 3149 eetrlessione,
1297 3079 1347 3138 sed
1376 3083 1497 3138 clamere
1525 3077 1685 3150 plenissime
1713 3087 1845 3134 resonant
1866 3095 1874 3134 ε
1980 3061 1981 3104 Ῑ

224 3176 312 3231 :nitere
326 3173 353 3229 in
368 3173 480 3230 Gentes.
1076 3175 1183 3232 Osanna
1199 3173 1209 3213 ¹
1225 3173 1281 3246 filie
1297 3173 1397 3241 Daniel,
1411 3171 1557 3230 benedictus
1574 3173 1620 3245 qui
1643 3174 1711 3228 uenit
1726 3169 1754 3227 in
1770 3172 1876 3227 nemine

260 3263 352 3341 (Veis.
367 3267 396 3332 6,
410 3264 452 3338 7.)
467 3265 663 3320 conterentem
678 3265 810 3338 eliciendi,
828 3263 944 3336 iecerunt
954 3267 1023 3321 cicili
1037 3240 1060 3305 C
1076 3269 1192 3326 Domini.
1207 3267 1286 3338 Quod
1303 3278 1392 3324 autent
1409 3269 1474 3325 dicit
1490 3284 1496 3322 :
1510 3263 1605 3322 Turbes
1618 3281 1677 3340 que
1695 3265 1877 3340 precedebant

225 3361 347 3434 precepit
358 3359 511 3416 iiiislcrue.
529 3357 563 3414 at
573 3359 737 3413 adducerent
745 3360 844 3414 minent
857 3368 881 3414 et
899 3351 1023 3430 pullum:
1076 3368 1169 3434 elqnoe
1181 3361 1363 3433 sequebantur,
1381 3371 1528 3432 utrumqne
1548 3359 1670 3416 ostendit
1684 3358 1832 3430 populum,
1847 3368 1876 3415 et

224 3467 248 3510 et
259 3455 435 3524 impertierunt
448 3461 525 3525 super
540 3463 584 3507 eet
600 3455 748 3506 restituente
756 3463 814 3518 tete,
830 3461 855 3507 et
871 3467 929 3507 erttn
947 3455 1024 3508 desa·
1077 3455 1123 3526 qni
1138 3465 1201 3510 nette
1224 3451 1412 3525 ilt’angelinm,
1431 3460 1460 3508 ei
1473 3448 1520 3522 qui
1541 3462 1604 3523 pest
1618 3449 1795 3526 Euangeliom
1818 3449 1875 3506 iin-

225 3557 271 3620 per
282 3546 373 3601 redere
383 3546 509 3618 peceant.
522 3543 682 3614 Pullnsgiste
693 3551 721 3600 et
735 3545 821 3613 asina,
837 3544 935 3616 quibus
955 3554 1022 3617 epo·
1076 3547 1152 3604 mino
1164 3545 1351 3614 crediderent,
1365 3559 1487 3603 conserta
1501 3543 1594 3602 iesum
1609 3545 1793 3603 conlesnonis
1807 3563 1876 3605 voce

227 3637 290 3696 stell
306 3643 431 3694 soerttnnt
444 3637 607 3692 vestimenta
621 3645 686 3706 sue,
703 3646 733 3691 ut
751 3635 831 3693 lesus
850 3637 960 3694 aemilius
981 3649 1025 3696 se·
1078 3641 1190 3698 laudare
1204 3659 1211 3696 :
1227 3651 1256 3697 et
1270 3639 1420 3696 secuttdum
1444 3639 1597 3710 superioris
1620 3639 1756 3709 qtambnlue
1779 3655 1876 3698 erem·

227 3733 300 3800 dcet,
313 3737 376 3786 ante
385 3729 530 3784 adeetttttnt
542 3721 691 3784 saluatoris
702 3729 866 3796 nudierent,
877 3731 1024 3801 multisque
1077 3735 1152 3806 piutn
1173 3734 1341 3790 diuersurum
1366 3733 1494 3789 bererum
1519 3735 1683 3803 operarios,
1709 3749 1791 3788 nnnnt
1809 3733 1874 3792 idel

225 3825 276 3881 sibi
291 3823 316 3879 itt
333 3835 382 3879 ees
395 3821 565 3878 dominatum
579 3820 794 3887 vindicantibus,
810 3821 913 3892 absque
933 3823 1026 3892 eperi-
1077 3826 1202 3897 aecipere
1225 3826 1376 3895 premium.
1400 3823 1487 3880 Perre
1505 3823 1578 3896 qued
1601 3825 1726 3896 seqnitur
1741 3843 1748 3880 :
1763 3823 1875 3882 decane

225 3927 318 3974 ntcnto
331 3915 475 3988 lripebant.
502 3914 646 3985 Postquam
662 3929 727 3969 uere
743 3929 889 3984 suscepere
911 3927 1024 3987 apesto-
1078 3919 1135 3988 filie
1148 3917 1243 3985 liauitl,
1259 3918 1322 3987 quid
1334 3917 1482 3988 significet,
1501 3917 1580 3989 102
1595 3927 1621 3972 ct
1635 3928 1698 3974 attte
1710 3933 1797 3975 anites
1813 3919 1874 3990 piu·

226 4012 294 4068 iicns
314 4013 413 4076 restet,
432 4005 602 4081 pulcbrieres
623 3997 722 4076 eflecti,
738 4006 882 4064 Dominum
906 4009 1025 4068 itubeerc
1078 4009 1162 4065 rimus
1179 4008 1206 4063 in
1227 4008 1303 4064 breti
1326 4007 1443 4078 epistola
1463 4009 1526 4062 tae
1545 4005 1714 4077 Damnatam,
1738 4019 1801 4065 tutte
1820 4007 1877 4065 iic·

225 4120 374 4164 sessorem.
390 4095 403 4141 ἆ
419 4101 508 4159 Vestis
530 4109 620 4158 euicui
639 4101 788 4172 apostoliae
803 4143 811 4168 ,
829 4101 905 4175 101
920 4104 963 4161 vel
976 4103 1026 4160 de·
1054 4085 1059 4094 ¹
1079 4115 1166 4156 manee
1188 4096 1263 4156 urbis
1278 4099 1456 4172 episcopum,
1471 4098 1574 4156 dixisse
1597 4099 1728 4168 tnentitri;
1751 4112 1778 4158 et
1801 4118 1875 4158 rtttne

225 4197 312 4254 ctrina
326 4197 467 4264 uirtutum,
482 4193 682 4250 adsciscendo
697 4192 898 4264 Scripturarum
908 4195 1024 4268 intelligi
1078 4195 1260 4265 perstringam
1275 4193 1406 4250 breuiter.
1422 4191 1453 4248 in
1465 4193 1620 4265 certissime
1634 4193 1742 4251 decittte
1758 4197 1878 4267 ceptione

224 4297 326 4359 petest,
341 4289 398 4344 site
413 4285 666 4343 deductaseeurunt
682 4285 838 4358 dogmatum
855 4291 999 4347 turbemer
1016 4309 1022 4346 ε
1079 4290 1195 4361 psalma,
1211 4290 1257 4360 qui
1273 4291 1416 4348 manifeste
1439 4289 1474 4346 de
1494 4289 1611 4347 aduentu
1634 4291 1786 4349 saltatoris
1807 4291 1878 4349 scri·

265 4515 279 4548 ¹
293 4497 495 4570 UnnsPaietltt,
509 4504 602 4570 rerba,
616 4505 660 4574 qui
673 4505 722 4559 tili
736 4509 886 4575 potestatem
906 4507 1025 4563 ildcitem
1115 4507 1198 4564 ·ilee
1211 4523 1321 4581 qunque
1336 4511 1423 4582 ipsum
1439 4509 1529 4568 battsit
1544 4528 1577 4569 er
1591 4513 1724 4588 Origene,
1740 4519 1786 4589 qui
1798 4519 1865 4578 dates

227 4577 409 4645 etnutcetont,
433 4575 486 4632 litte
499 4575 636 4645 transient,
658 4587 718 4646 qute
732 4577 813 4632 icrtln
831 4578 929 4633 abitinc
943 4591 1024 4635 uersu
1077 4581 1124 4640 eii.
1140 4578 1281 4652 discipules
1293 4581 1316 4636 οἱ
1334 4583 1512 4656 interpreteris
1525 4589 1682 4658 eneqeqice,
1706 4590 1775 4644 dices
1796 4569 1878 4648 urrani

226 4653 324 4709 babes.
348 4646 409 4704 bier
431 4658 481 4717 pre
504 4646 633 4712 subditus,
658 4645 798 4718 legebatur
819 4649 883 4704 olim
899 4647 1022 4706 stelenus.
1077 4651 1179 4719 quidem
1193 4664 1248 4707 esse
1261 4653 1376 4709 ordinent
1395 4669 1500 4720 rerunt,
1521 4657 1566 4726 qna·
1577 4658 1725 4715 minuerant
1738 4663 1878 4720 cirecestri-

226 4721 328 4780 Vernm
340 4721 387 4785 alt,
400 4717 615 4789 iictnr.,pttlius
626 4717 721 4785 asinae,
737 4731 791 4790 qao
805 4721 925 4789 pennum
940 4731 1024 4794 popu·
1077 4723 1113 4778 sis
1127 4739 1136 4778 .·
1151 4722 1262 4779 alterurn
1275 4737 1371 4792 nutent,
1391 4729 1437 4798 qui
1457 4728 1586 4798 pentibtn.

228 4789 465 4876 lussipniiictiur,
481 4800 624 4859 prepterea
640 4791 740 4846 multus
756 4791 884 4847 babuisse
898 4791 1065 4889 deminesD
1112 4791 1331 4853 ‘Cetnlerendus
1352 4797 1397 4852 bic
1420 4813 1528 4854 rursum
1543 4795 1683 4872 Origenes,
1707 4802 1734 4858 in
1758 4816 1878 4880 stentque

226 4865 340 4928 dicutur,
355 4862 426 4933 quod
439 4867 499 4932 tpse
522 4875 576 4915 nen
597 4871 652 4916 unc
669 4869 772 4916 tantuna
790 4873 899 4932 errore,
916 4876 1025 4935 uruntque
1079 4864 1168 4922 linetii
1180 4869 1329 4924 annotatio.

226 4935 352 5007 dogmate
367 4943 507 4989 teneretur
520 4931 674 4996 ebttexiust
692 4931 740 4988 scd
756 4935 849 4988 multis
871 4936 1022 5005 erroribus,
1116 4935 1268 5009 ⁰Origines
1283 4939 1399 5008 pridem,
1416 4937 1479 4996 Nan
1492 4943 1557 5010 otte,
1574 4941 1672 5014 inquit,
1689 4949 1865 5017 precedentes

225 5003 454 5082 dogmatibusque
467 5002 592 5060 subditus
607 5009 699 5060 esset:
714 5001 946 5062 mttltnsdemlnos
957 5005 1027 5063 mui-
1079 5005 1133 5064 elie
1151 5023 1209 5063 nere
1234 5007 1414 5082 subsequentes
1427 5010 1568 5080 dicebeat;
1583 5031 1635 5069 une
1648 5018 1717 5071 eninr
1740 5035 1783 5075 ere
1803 4995 1878 5080 leuati

226 5089 270 5135 tos
284 5089 383 5160 uocans
399 5087 517 5132 errores.
607 5147 613 5158 .
1079 5095 1151 5136 secur
1164 5095 1194 5135 ec
1206 5097 1313 5136 correers
1326 5091 1349 5137 et
1362 5098 1490 5140 conuenae
1502 5089 1597 5140 clerus
1611 5085 1758 5143 clemebant
1775 5108 1866 5151 ornnes

264 5145 407 5204 barecae
420 5147 477 5202 haec
490 5145 628 5203 transtulit
642 5155 674 5203 ei
688 5145 861 5217 Adamanlie,
877 5147 954 5218 cujus
966 5147 1027 5207 itaec
1079 5161 1105 5207 et
1125 5151 1271 5208 serraturis
1293 5153 1478 5210 lrurnnnitatenu
1509 5157 1551 5212 itis
1572 5158 1654 5212 cerlis
1676 5161 1841 5220 celebrabant
1867 5137 1878 5197 ’-

226 5219 310 5276 verba
324 5227 405 5275 suni:
427 5216 572 5274 Videeninr
582 5231 669 5272 annon
684 5219 739 5274 eree
751 5219 922 5274 Smunteriee
943 5220 1028 5276 mbulet
1081 5223 1188 5278 Osarene
1204 5221 1259 5292 filie
1274 5220 1372 5294 betete,
1388 5234 1443 5282 eie.
1866 5209 1874 5224 ⁸

226 5292 279 5347 sint
298 5307 343 5374 per
360 5288 503 5355 discipules
511 5289 631 5363 jumento
651 5301 709 5359 cett,
731 5291 841 5346 eirteulla
861 5235 1025 5361 succinentis,
1118 5293 1128 5331 i
1145 5291 1302 5351 ffirtrtiscue
1317 5299 1343 5350 in
1358 5311 1425 5353 mss.
1441 5298 1559 5353 Osiettnn
1573 5297 1683 5370 legitur,
1699 5313 1727 5358 et
1741 5303 1848 5363 Omana
1867 5328 1876 5365 :

227 5361 413 5426 eeaerdelleel,
447 5361 546 5446 attane
561 5359 773 5432 depopuleltec,
792 5375 895 5436 qtteqtte
911 5378 926 5414 e
944 5359 1028 5436 penti·
1081 5369 1136 5421 ires
1150 5377 1238 5420 autent
1251 5365 1382 5434 Palatini,
1398 5383 1458 5439 pre,
1474 5369 1519 5442 qui
1530 5371 1614 5438 uenit,
1632 5371 1676 5428 bic
1690 5385 1771 5447 atquc
1784 5379 1859 5436 inire

427 5378 488 5503 yetus
499 5439 558 5486 sunt
572 5441 581 5484 .·
594 5431 707 5502 peccetis
717 5433 786 5487 eninr
799 5436 906 5490 astricte
925 5443 989 5497 crat,
1002 5441 1028 5489 et
1080 5437 1125 5505 qui
1138 5445 1261 5492 uenturus
1276 5448 1323 5502 eat,
1340 5441 1499 5509 praeierunt.
1867 5424 1876 5451 ⁹

228 5505 336 5576 niit'petn
356 5505 463 5574 antiqua
481 5511 614 5584 aqaeqcpe
630 5501 774 5584 :elliqntua
786 5519 887 5575 queque
906 5515 959 5557 eret
973 5519 1026 5559 une
1116 5517 1129 5556 t
1150 5507 1271 5575 Epistola
1294 5511 1320 5566 in
1343 5522 1436 5566 ttestra
1457 5513 1619 5573 recensione
1639 5513 1676 5570 20
1697 5515 1748 5572 snb
1768 5519 1877 5580 britium

228 5591 287 5629 cnut
298 5591 327 5628 ee
344 5575 442 5646 pallus,
459 5570 571 5643 populus
587 5584 708 5627 ntrtttrttnt
731 5591 743 5628 e
758 5577 875 5648 penatibus
888 5573 1026 5633 neeisainte
1077 5581 1140 5634 antri
1152 5577 1205 5634 585
1215 5579 1290 5646 dete,
1302 5595 1382 5650 quem
1396 5581 1439 5638 iric
1453 5587 1577 5640 recalere
1591 5600 1682 5654 operta
1697 5591 1815 5658 pretium
1826 5597 1863 5650 sit

227 5643 367 5716 conflatus,
384 5651 407 5699 et
422 5651 558 5716 atramque
570 5657 622 5709 ntea
637 5649 671 5698 ed
684 5647 821 5730 superbene
833 5644 1025 5730 Jeeaelpntum
1076 5647 1175 5706 Cenlcr
1190 5665 1300 5736 queque
1314 5655 1359 5708 liri
1380 5669 1458 5710 enem
1472 5700 1480 5727 ,
1495 5668 1528 5711 cr
1542 5671 1598 5726 que
1616 5656 1716 5714 bonam
1741 5639 1877 5723 subnexae

227 5722 346 5772 attentas
363 5717 434 5787 pelet
453 5715 656 5770 mneaceedtret
678 5715 826 5784 bospiteter
850 5730 866 5771 ο
886 5715 1023 5791 desetpulle
1076 5720 1276 5782 dissertationis
1299 5721 1334 5781 dc
1362 5665 1473 5782 bunne
1499 5735 1606 5798 partem
1632 5726 1662 5786 S.
1692 5727 1795 5790 Ductor
1823 5753 1876 5794 es·

226 5795 355 5870 praecepte
367 5785 525 5843 tradentibus
535 5788 599 5843 selei
608 5787 699 5880 jureii,
708 5787 769 5846 dele
779 5789 812 5844 it’t
824 5802 870 5861 per
879 5788 935 5844 bec
945 5791 1023 5847 uerba
1075 5792 1184 5864 pressit.

227 5857 332 5928 Spiritu
345 5867 435 5916 macte
448 5870 458 5916 .·
472 5854 726 5934 immitescentium
739 5869 865 5934 sonetum,
880 5869 933 5921 etc.
