4000 6334
223 325 239 380 'l
259 328 276 382 5
598 321 774 380 nocebunt
795 323 840 379 ltu
860 321 981 380 tundit
1000 317 1174 380 Smiillii
1194 321 1225 382 S.
1246 321 1449 380 ttteuotttttt.
1819 324 1871 382 tlt

222 441 385 520 concreatio
397 455 461 514 opus
477 438 658 495 tubernaculi:
682 438 716 494 de
731 438 855 511 qualibus
878 446 907 493 et
927 435 1020 491 borni·
1034 434 1154 498 Amiso.
1176 435 1261 506 lluitn
1281 436 1363 508 igitur
1381 436 1445 494 ooeli
1464 447 1640 505 concentum,
1665 439 1705 496 ait
1726 439 1869 508 Dominus,

225 550 275 590 nm
290 533 343 592 boc
357 533 427 600 loco,
442 533 518 604 quasi
541 532 696 599 specialiter
710 530 746 586 ait
763 548 769 586 :
789 530 856 600 Quis
872 528 947 586 dedit
963 543 1022 584 rnu-
1072 527 1134 599 qais
1152 527 1273 584 dormire
1291 527 1379 598 laciet,
1403 528 1429 584 id
1446 537 1499 596 est,
1520 530 1584 601 quis
1596 533 1650 586 erit
1664 531 1712 588 ille
1730 531 1778 603 qni
1792 546 1868 588 sesa

225 625 336 681 lieribns
359 631 473 681 texturae
496 624 669 692 sapientiam,
695 632 722 686 et
744 624 904 679 varietatum
929 623 1020 678 seleno
1073 621 1211 691 perpetuis
1226 619 1474 692 laudibus,qnibus
1487 636 1531 678 roe
1547 622 1869 694 benedicunt,saoctus,

227 719 312 774 tiainl
327 719 470 788 Quomodo
486 717 513 774 io
535 716 765 774 ttaudotteseteet
788 725 815 772 et
836 715 955 772 0boliab
978 729 1023 771 sa·
1073 723 1193 780 sanetus,
1209 725 1319 770 sanctus
1339 713 1483 781 Dominus,
1506 712 1710 774 incessabiliter
1723 715 1871 773 concinen-

224 819 365 876 cerdoturo
380 824 408 870 et
430 811 597 870 tabernaculi
618 812 780 868 uestimenta
795 814 872 868 uario
894 824 926 867 ac
945 809 1023 882 peip.
1073 816 1125 879 tes,
1148 816 1310 879 moenem,
1325 817 1354 864 et
1376 809 1453 880 quasi
1468 808 1672 866 obdormientes
1687 808 1776 880 possit
1801 811 1872 868 inbi-

225 909 333 965 mitario
365 921 449 975 opere
475 913 633 962 tenuerunt.
668 903 831 962 licueritnos
863 919 929 976 ergo
960 919 1022 961 esse
1073 902 1522 972 bereiQuisnarrabitcoelornm
1541 903 1703 961 rationem?
1725 903 1761 960 Et
1782 906 1870 960 saneti

224 1001 331 1056 autimas
342 1008 462 1066 satietas,
477 1011 540 1069 quae
552 998 685 1068 hocopus
698 997 838 1055 elllciendi
854 1001 936 1054 etiam
951 1013 1024 1055 nttnc
1073 995 1203 1052 caelorum
1219 997 1330 1052 nornine
1341 996 1440 1052 crebro
1455 997 1596 1065 dicuntur,
1608 997 1643 1054 de
1656 998 1755 1067 quibus
1769 1013 1871 1056 secun·

226 1093 253 1149 in
278 1091 392 1148 bistoria
415 1107 465 1163 per
481 1091 689 1162 intelligentiam
708 1093 820 1162 spiritus
834 1101 1021 1162 acceperunta
1073 1091 1137 1146 duan
1160 1093 1291 1165 mysticos
1312 1091 1468 1150 intellectus
1481 1093 1613 1165 propbeta
1626 1094 1803 1160 vaticinatur,
1826 1095 1871 1151 di-

224 1185 324 1256 qoibos
347 1186 441 1256 utique
454 1184 525 1240 sient
552 1183 683 1254 scriptam
708 1190 752 1240 est
768 1202 775 1238 ι
792 1182 872 1239 Dedit
886 1181 956 1243 oen
978 1201 1023 1240 ru·
1073 1185 1232 1244 censzdoeli
1242 1197 1363 1242 ιιιιιιιιιιι
1376 1186 1488 1260 plenam
1499 1185 1559 1243 Ilei.
1576 1188 1679 1244 liorum
1694 1188 1874 1260 igiturdona·

223 1277 349 1350 pientiam
367 1285 393 1333 ιι
416 1276 627 1348 intellgendum,
650 1276 775 1348 quidquid
799 1277 877 1333 stiunt
889 1277 962 1348 lubre
975 1277 1023 1333 od·
1075 1278 1515 1349 tiones,quusbabenteecundum
1525 1280 1872 1351 beigratiemriilierentest

224 1373 335 1429 inueniri
356 1380 458 1444 puteat,
488 1372 559 1428 dedit
583 1370 710 1426 incende
733 1387 833 1426 cerunt.
860 1371 908 1430 Sic
931 1372 1023 1442 itaque
1073 1368 1872 1443 qnispnterittelipsamitdeiipsoruronarrareratiotteml

224 1466 323 1538 repleti
337 1478 401 1522 suot
422 1465 523 1537 spiritu
543 1465 696 1535 sapientiae,
721 1475 749 1522 et
772 1466 971 1538 intelligentiae,
994 1476 1023 1524 et
1110 1463 1222 1531 Quando
1234 1465 1395 1537 [muniatur
1410 1466 1496 1538 puluis
1510 1467 1539 1520 in
1564 1467 1785 1542 conrecipient
1803 1484 1874 1524 cont·

225 1559 367 1630 supientiae
378 1561 423 1616 rel
438 1561 573 1626 scientiae,
599 1569 626 1615 ct
642 1559 716 1615 onttti
730 1560 852 1616 doctrina
867 1560 901 1618 ad
914 1560 1024 1632 exungia
1075 1557 1263 1631 propalantur?
1276 1557 1370 1614 Puluis
1391 1557 1426 1614 de
1447 1573 1502 1628 qno
1518 1560 1648 1615 boninus
1668 1562 1723 1628 ait,
1746 1561 1872 1631 gentium

226 1655 338 1712 tandum
363 1664 391 1712 et
405 1654 560 1712 iaciendum
580 1669 663 1710 oritate
677 1669 757 1724 optas,
781 1655 909 1726 qnoniam
933 1655 1023 1710 taber·
1074 1649 1261 1706 inlidelitatem
1277 1650 1366 1722 signat
1380 1669 1387 1706 ε
1401 1649 1490 1721 pultis
1504 1651 1710 1722 etiqttearitlus,
1727 1665 1754 1710 et
1765 1654 1874 1710 selonts

224 1748 351 1804 naculum
377 1747 442 1804 iliutl
471 1747 549 1820 legis,
576 1755 678 1804 sanctae
712 1747 842 1806 ltcatesta
873 1747 1021 1818 imaginum
1074 1740 1251 1798 solidamento
1273 1743 1301 1798 in
1325 1742 1446 1800 Ecclesia
1468 1743 1626 1814 apostolico
1644 1745 1823 1813 admiscetur,
1846 1756 1876 1801 ut

224 1843 401 1916 praelerebat,
420 1843 551 1900 oteanus
563 1843 597 1899 de
612 1842 664 1898 bac
679 1845 812 1898 varietate
828 1857 948 1911 mortno,
963 1843 1023 1899 siue
1036 1827 1062 1892 Β
1074 1852 1123 1908 oet
1133 1835 1214 1892 iidem
1225 1845 1254 1893 et
1265 1836 1465 1908 colligationes,
1480 1838 1540 1894 sire
1553 1843 1731 1911 compagines
1754 1840 1877 1898 ebarita-

224 1939 387 1995 meritorum
403 1937 478 1994 velut
489 1948 597 1993 uestem
612 1951 677 1992 reto
700 1935 841 1994 Salomoni
865 1936 1024 1992 ministran-
1075 1930 1121 1998 tis,
1135 1931 1333 2002 conglutinatio
1347 1932 1375 1988 in
1390 1933 1613 1990 Cbrbtoioedere
1625 1935 1735 1990 unionis
1745 1945 1773 1992 et
1785 1939 1875 2006 pacis,

225 2032 303 2100 tiuan,
319 2031 390 2104 qnod
404 2047 452 2103 per
466 2033 577 2106 liguram
595 2031 689 2102 regina
702 2030 774 2089 Saba
789 2031 858 2088 dixit
872 2028 1021 2096 Salomoni,
1074 2025 1101 2080 iu
1115 2034 1291 2096 augmentum
1306 2025 1356 2082 bel
1373 2028 1449 2084 uelut
1461 2027 1488 2083 in
1502 2035 1603 2084 terram
1616 2029 1733 2084 solidant
1747 2045 1878 2087 crescen-

223 2141 286 2183 cum
306 2126 487 2183 admiratione
511 2124 625 2180 laudans
644 2125 809 2195 sapientiam
834 2125 906 2194 ejus,
925 2131 954 2182 et
974 2125 1025 2180 do·
1074 2117 1111 2174 tio
1125 2117 1258 2190 proficiat.
1273 2118 1351 2176 Unde
1365 2121 1453 2192 glebae
1466 2121 1525 2192 agri
1541 2122 1685 2185 bontinici,
1699 2123 1804 2178 edecta
1822 2127 1878 2180 iru-

224 2236 311 2286 mnrn,
345 2219 433 2288 cibos,
462 2218 627 2284 baltitaenlu,
653 2226 681 2275 ct
711 2232 854 2276 servornm
884 2218 1022 2284 ordinem,
1074 2214 1179 2285 gilcrtc,
1206 2216 1233 2270 in
1254 2232 1339 2275 unum
1355 2231 1456 2287 carptis
1471 2217 1603 2274 Ecclesiae
1617 2219 1760 2274 claritatis
1773 2222 1878 2290 copula

225 2324 315 2372 uestes
336 2325 365 2372 et
388 2314 540 2383 ministros,
557 2313 849 2384 ministeriumque
873 2311 1026 2375 offerebant
1075 2308 1298 2380 eotnpinguntur.
1321 2308 1462 2367 (italorum
1476 2326 1587 2382 quoque
1600 2311 1785 2384 appellatione
1799 2311 1879 2368 Scri·

225 2409 252 2464 in
267 2406 351 2465 danto
366 2407 666 2474 bominicootinenter,
681 2406 751 2462 barre
764 2403 921 2465 ciliciorum
936 2405 1026 2462 varies
1077 2410 1164 2472 ptura
1185 2412 1289 2460 sanctae
1303 2413 1377 2460 recte
1399 2404 1528 2461 dicuntur
1550 2423 1558 2461 a
1577 2422 1612 2464 eo
1635 2407 1709 2477 quod
1730 2408 1880 2464 desursum

226 2507 307 2558 tatem
330 2507 487 2558 contextam
510 2513 572 2556 esse
592 2513 643 2575 per
665 2498 789 2556 diuersas
806 2498 835 2554 in
849 2505 908 2554 toto
923 2496 1025 2559 mundo
1076 2500 1131 2556 sint
1149 2498 1305 2556 ltootioittos
1327 2501 1484 2568 attributae,
1501 2501 1559 2558 sive
1577 2503 1643 2572 qnia
1663 2503 1789 2562 coelestia
1805 2501 1834 2558 io
1847 2517 1881 2560 se

224 2593 377 2660 Ecclesiae,
392 2607 441 2662 per
455 2606 523 2663 quas
538 2590 600 2646 alibi
620 2590 767 2662 eorajugati,
793 2589 858 2646 alibi
878 2590 1024 2651 contineu-
1076 2593 1233 2648 crtunneaut
1246 2604 1430 2651 aeramenta.
1456 2594 1560 2650 llorunt
1582 2595 1667 2664 igitur
1688 2593 1836 2662 erulorum,
1852 2594 1881 2652 id

225 2695 276 2752 tes,
300 2685 366 2742 alibi
393 2683 514 2756 virgines
537 2683 587 2740 :bi
609 2699 658 2754 per
682 2683 888 2756 eleemosynas,
913 2682 953 2740 illi
977 2696 1026 2753 per
1076 2695 1119 2742 est
1139 2685 1340 2757 &ulpianorum
1365 2688 1511 2756 rationem,
1538 2703 1598 2758 qnae
1621 2687 1657 2744 de
1679 2689 1880 2761 mysteriorum

226 2779 420 2836 alienationem
436 2778 557 2836 omnium
582 2776 740 2835 facultatum
755 2793 763 2833 t
780 2776 818 2846 illi
833 2791 882 2848 per
902 2790 1025 2853 crocea,
1076 2777 1291 2836 obscuritatibus
1302 2788 1425 2850 opacata
1447 2789 1522 2844 strat,
1542 2778 1816 2851 captatoremque
1832 2795 1882 2850 po-

225 2881 255 2930 et
269 2871 506 2931 mortillcationem
522 2881 691 2930 terrenarum
706 2869 898 2942 cupiditatum,
919 2868 959 2934 ilii
976 2882 1026 2940 per
1078 2871 1142 2927 tet-it
1154 2872 1249 2930 auimo
1264 2871 1449 2944 perscrutari,
1467 2872 1511 2926 vel
1533 2871 1642 2941 cloquio
1667 2871 1814 2940 prolerre,
1833 2881 1881 2926 aut

143 3011 145 3014 -
226 2969 370 3026 scientiam
387 2963 808 3038 seripturarumntultiplieibtts
830 2962 1026 3034 sanctisunt
1077 2967 1138 3040 quis
1151 2981 1245 3024 emero
1261 2965 1389 3022 uaticinia
1405 2979 1515 3021 cessare
1530 2963 1680 3036 precipiet.
1707 2965 1823 3038 atroqut
1840 2965 1882 3018 in-

226 3070 270 3118 tns
282 3061 391 3132 gratiis,
406 3059 478 3124 velut
501 3058 619 3114 (liversis
635 3055 775 3122 coloribus
799 3056 901 3112 Citristi
925 3069 1026 3128 eorpus
1077 3068 1213 3130 terpretes
1226 3059 1263 3115 ita
1276 3059 1431 3116 dixerunt:
1455 3058 1519 3125 Quis
1534 3058 1589 3114 cett
1610 3073 1709 3132 organo
1730 3058 1759 3113 in
1782 3065 1881 3112 torem

225 3163 372 3220 exorarent,
396 3153 503 3222 sibique
524 3161 633 3206 aeteram
647 3151 742 3222 gloriar
754 3158 786 3206 et
812 3149 1025 3218 imnturtatttatts
1077 3154 1213 3210 deelirtecit
1228 3154 1241 3210 i
1254 3153 1280 3208 id
1292 3163 1345 3216 est,
1361 3153 1422 3224 qnis
1435 3153 1535 3225 estqui
1549 3151 1683 3211 eoeloruro
1707 3153 1878 3217 laudantium

225 3249 391 3308 restituente
404 3247 562 3302 conticium.
579 3243 826 3307 Cttnteatmtetiatn
841 3241 963 3316 perlecto
982 3243 1024 3308 iq.-
1040 3225 1063 3289 C
1080 3250 1164 3305 netem
1186 3259 1294 3314 mutar,
1317 3262 1405 3319 usqam
1428 3246 1462 3300 ad
1488 3233 1628 3307 ltomittrtm
1654 3246 1798 3313 lqclioarit
1810 3244 1881 3302 arod-

227 3343 336 3406 tellertu
348 3340 429 3397 srdcm
444 3340 598 3405 Trinitatis,
615 3339 690 3406 uelut
704 3347 826 3410 spartam
842 3337 940 3416 triplex
953 3333 1027 3410 quoti
1080 3345 1155 3410 tiaran,
1173 3351 1217 3404 ut.
1232 3341 1385 3398 imitatione
1396 3338 1484 3395 laudis
1499 3338 1570 3410 ejus,
1584 3339 1652 3396 socii
1663 3339 1828 3410 angelorum
1841 3337 1879 3394 el·

228 3450 281 3492 nott
294 3435 351 3492 cito
362 3435 506 3505 rumpitur.
521 3433 678 3502 liujusmodi
695 3435 857 3510 vestimenta
875 3433 934 3488 istae
945 3430 1028 3502 spiri·
1079 3437 1121 3494 ilci
1134 3446 1303 3503 mereantur.

228 3527 316 3588 trtatles
328 3527 458 3584 mulieres
467 3535 626 3598 operantur,
640 3525 664 3583 tt
676 3526 905 3594 est,siresanctae
915 3526 1026 3592 enintec,
1115 3526 1249 3598 Nmaquid
1264 3526 1450 3600 cormaricense
1465 3524 1592 3597 predam,
1606 3532 1630 3580 ct
1645 3523 1761 3581 anianum
1773 3526 1878 3580 catulo·

228 3621 285 3678 sire
296 3621 593 3690 Ecclesiaeperditerst
607 3619 748 3690 regionum
760 3620 1025 3690 spatiaconstitntte,
1079 3635 1136 3676 ιιιιιι
1155 3621 1214 3694 eius
1228 3618 1368 3692 implebis?
1383 3617 1423 3672 lis
1447 3618 1489 3674 bis
1511 3632 1573 3688 quac
1587 3631 1758 3686 peromnem
1776 3626 1879 3674 textam

237 3715 239 3720 ’
264 3715 329 3782 Quia
341 3713 472 3769 ertcrrobit
487 3713 611 3768 celerima
623 3713 761 3778 rationem,
775 3722 798 3771 el
807 3721 959 3776 concentum
970 3711 1028 3772 ceti
1079 3712 1216 3770 sermonis
1231 3711 1311 3782 bajus
1326 3719 1480 3777 enumerat,
1495 3724 1543 3766 sex
1557 3720 1620 3764 sum
1634 3709 1879 3794 quatlrnpctlia,et

227 3809 284 3882 quir
313 3810 552 3881 dormire'sact'at?
566 3807 675 3866 Certum
689 3819 743 3876 cst,
759 3810 820 3882 qnia
835 3809 926 3875 nullus
939 3808 1027 3864 eoelo·
1078 3816 1196 3880 quatuor
1210 3804 1341 3860 atalarilia.
1364 3803 1397 3858 Et
1420 3803 1448 3858 in
1473 3803 1525 3858 bec
1547 3801 1671 3871 decalogi
1689 3800 1811 3874 perlecto
1825 3817 1876 3856 nu·

227 3917 287 3957 rom
302 3903 448 3968 rationem,
464 3902 506 3956 uel
521 3901 663 3959 stellarum
676 3916 787 3966 etttsnm
801 3901 957 3972 potesttaut
969 3915 1028 3956 ιιι,
1080 3916 1156 3964 inere
1172 3899 1257 3956 rideri
1272 3910 1363 3972 potest
1377 3899 1449 3970 quod
1468 3914 1577 3954 onlnem
1591 3907 1749 3962 ereaturam
1764 3898 1877 3970 intelligi

227 4010 308 4060 tooure
332 4010 456 4066 tractare,
483 4003 526 4049 aut
549 4003 640 4052 triente
660 3995 819 4062 concipere.
844 3993 921 4063 Qrtotl
935 4002 1028 4059 antem
1079 3992 1197 4048 uoluerit
1211 3993 1291 4063 bens,
1301 4007 1361 4063 quae
1374 4006 1423 4062 per
1436 4008 1498 4047 eum
1513 3999 1608 4063 utpote
1622 4007 1671 4062 per
1683 4003 1823 4048 attererem
1837 4008 1880 4047 re·

227 4087 265 4142 ait
287 4105 293 4142 a
320 4087 488 4147 Coatecntunt
510 4087 574 4143 ercli
596 4089 658 4160 qnis
673 4086 793 4144 tltttntite
816 4084 921 4152 iarictl
936 4087 1029 4145 intuitis
1079 4085 1297 4160 minnborinus
1307 4092 1398 4142 autem
1414 4086 1747 4152 ttttttterusperlectusest3
1759 4088 1817 4154 qnia
1830 4099 1879 4156 per

228 4179 434 4252 Seriptrtrarttm
457 4181 526 4241 loeis
541 4180 653 4237 latrtltre
668 4180 753 4236 beuut
767 4181 903 4238 elementa
927 4179 1027 4236 dicun·
1080 4181 1171 4251 ipsam
1184 4179 1320 4247 iterando,
1340 4179 1431 4233 omnis
1444 4193 1576 4234 numerus
1591 4177 1617 4231 in
1634 4177 1771 4234 iatbttitum
1787 4177 1879 4233 mttlti·

229 4279 282 4343 tur,
300 4287 349 4342 pro
362 4288 396 4330 eo
410 4273 482 4346 qood
496 4274 522 4330 io
537 4273 644 4329 illorum
660 4273 838 4346 dispositione
853 4288 885 4330 ac
904 4272 1029 4351 pulcltri·
1080 4274 1208 4346 plicatur.
1234 4271 1307 4345 Ergo
1328 4271 1404 4341 iuxta
1428 4270 1527 4326 litterae
1541 4269 1727 4341 superficiem,
1751 4270 1800 4324 bate
1814 4271 1878 4325 ait:

231 4363 326 4421 tttdioe
343 4364 423 4430 bens,
445 4366 488 4422 uel
504 4367 537 4422 ab
552 4365 718 4434 bominibus,
737 4365 780 4421 uel
794 4366 829 4422 ab
840 4365 945 4437 aragolis
958 4379 1029 4438 praa»
1081 4366 1139 4440 Ego
1153 4368 1198 4440 qui
1214 4367 1305 4422 otrtnia
1327 4367 1402 4432 justa
1426 4364 1631 4433 dispensatione
1651 4380 1780 4436 procare,
1803 4364 1881 4418 eirca

228 4458 342 4514 dicetur.
359 4458 388 4519 ld
401 4468 454 4526 est,
470 4461 531 4532 quis
547 4461 671 4518 botnines
684 4461 711 4518 itt
723 4461 782 4536 ejas
794 4461 921 4530 latialibus
932 4462 1027 4534 uitam,
1081 4469 1107 4518 te
1121 4470 1236 4528 tanturn,
1253 4475 1269 4513 o
1283 4458 1345 4528 iob,
1358 4457 1454 4514 videor
1469 4459 1599 4529 injustus.
1612 4458 1694 4514 Juxta
1708 4459 1880 4530 spiritual-m

229 4563 389 4614 exercentes
412 4553 542 4620 domnice,
569 4554 668 4624 idest,
692 4557 833 4630 quiescere
848 4557 951 4624 laciet?
974 4558 1028 4626 Pro
1080 4553 1263 4618 intellectam.
1280 4554 1367 4608 learta
1382 4555 1440 4608 siue
1453 4553 1537 4610 etiam
1552 4551 1606 4622 leo,
1629 4551 1754 4608 diabolus
1778 4564 1813 4607 est
1831 4551 1879 4604 in-

228 4645 279 4701 ltoc
293 4646 383 4717 itaque
397 4646 512 4717 bonore,
534 4649 580 4719 qui
607 4649 641 4704 ab
662 4648 793 4709 tteeteste
814 4651 1025 4724 ettrtgregetione
1041 4625 1254 4722 ”tetttgenuua
1270 4647 1392 4722 quietio
1408 4647 1502 4702 utrtltis
1516 4647 1586 4703 locis
1597 4645 1798 4717 Scripturamm
1813 4661 1882 4714 pro-

225 4737 414 4808 persoltitur:
436 4737 672 4810 quisaliusqnam
695 4741 753 4814 ipse
768 4743 889 4814 requiem
904 4741 1026 4802 debitae
1076 4754 1139 4817 pter
1160 4744 1292 4802 saeuitiam
1319 4751 1349 4798 et
1375 4740 1562 4797 fortitudinem
1585 4743 1619 4794 ita
1646 4741 1810 4797 oonriaatnr.
1836 4738 1881 4793 lle

226 4832 396 4906 refrigerium
410 4837 436 4888 io
451 4835 665 4906 sempiternum?
678 4836 1027 4911 botruitioenitnaliquaq-
1078 4839 1130 4894 ltoc
1151 4837 1233 4910 igitur
1249 4836 1379 4902 Dominus
1392 4835 1441 4902 ait,
1457 4832 1529 4906 qnod
1549 4833 1652 4890 neroirti
1667 4849 1766 4889 noeerc
1780 4832 1880 4903 possit,

224 4927 260 4984 tlo
282 4927 308 4982 in
332 4926 480 4998 scripturis
500 4929 607 5000 requies
622 4929 793 5003 intelligitur,
818 4939 850 5003 pt
863 4929 949 5002 isaias
963 4945 1027 5004 pro·
1078 4931 1132 4988 nisi
1145 4931 1228 5000 abeo
1243 4929 1383 5005 acceperit
1400 4938 1576 4998 potestatem.
1602 4927 1684 4983 lusto
1697 4942 1764 5000 crgo
1775 4925 1881 4997 jndicio

226 5023 369 5094 plretaait,
384 5021 495 5080 iustitio
510 5023 671 5082 deamicitia
686 5043 718 5084 eo
736 5043 746 5082 .·
762 5026 788 5100 id
803 5034 857 5099 est,
871 5026 899 5084 in
915 5026 1027 5095 ierusa-
1079 5024 1139 5093 cjtrs
1154 5023 1310 5097 traduntur,
1337 5023 1399 5092 qnia
1420 5019 1466 5075 illc
1492 5023 1605 5076 ootoino
1628 5020 1702 5076 tir-es
1725 5037 1778 5075 nato
1796 5019 1882 5072 lraltet

224 5115 279 5172 lem
293 5116 886 5189 nutritasiusttttrereqoievtt,netteautem
912 5120 1028 5176 homici-
1079 5117 1254 5182 tiaratinandi,
1279 5115 1332 5171 nisi
1353 5112 1412 5188 ipse
1432 5116 1600 5186 picrtniscrit.
1630 5114 1766 5188 Numquid
1784 5110 1881 5182 captes

224 5210 276 5268 dae.
294 5213 327 5268 Et
339 5223 451 5282 sanctus
477 5213 597 5286 quidam,
614 5228 698 5285 super
719 5230 798 5287 quern
813 5215 950 5292 sigrtatum
963 5213 1027 5290 ‘iue-
1079 5210 1173 5268 leccnac
1186 5209 1318 5280 praedam,
1337 5209 1362 5263 itl
1387 5218 1441 5268 est,
1465 5206 1535 5262 sient
1550 5221 1601 5280 ego
1615 5222 1677 5261 eattt
1693 5223 1790 5283 capere
1809 5219 1883 5276 per·

224 5316 267 5361 rat
281 5307 374 5363 lumen
395 5307 484 5363 vuitus
508 5308 630 5376 bomini,
651 5310 690 5379 ait
705 5307 732 5379 iq
745 5307 859 5380 psalmo,
876 5307 910 5364 ln
924 5309 1027 5381 paceio
1079 5307 1196 5362 mittant.
1222 5306 1290 5362 Proto
1311 5314 1402 5359 autem
1425 5301 1551 5376 hocloco
1574 5300 1636 5375 idea
1651 5303 1757 5356 rotarios
1775 5300 1878 5365 dictos,

220 5401 724 5476 idipanmdornrinm,etreqniercnm.
752 5402 929 5472 ttemiitatto
952 5403 1025 5474 loeo,
1079 5399 1143 5474 quia
1167 5398 1282 5452 leteuattt
1304 5397 1510 5460 nominaverat,
1534 5409 1603 5465 qnos
1628 5411 1736 5450 terreno
1766 5391 1880 5447 tualitie

223 5493 256 5552 Si
270 5495 416 5564 dormietis,
429 5495 527 5568 inquit.
540 5498 608 5554 iuter
618 5496 718 5554 medior
730 5496 824 5563 cleros,
838 5495 865 5552 id
879 5505 938 5564 est,
955 5497 1028 5553 inter
1079 5509 1148 5562 susc,
1164 5493 1223 5548 sire
1236 5491 1375 5564 nequitiae,
1388 5490 1460 5546 uelut
1476 5490 1544 5544 laete
1559 5490 1693 5545 nutrierat
1704 5491 1736 5545 ad
1755 5487 1882 5544 laetatiocs

222 5602 312 5646 sortes
325 5589 442 5646 duorum
457 5591 696 5650 'iestatrtentocum
712 5590 901 5662 requiescatis.
917 5589 949 5658 tp
961 5604 1027 5662 cup.-
1079 5587 1266 5663 perimendos.
1284 5585 1322 5641 be
1341 5597 1456 5659 quorem
1478 5583 1624 5654 ritortibus,
1650 5582 1882 5654 nequissimorum

221 5693 332 5740 eentum
355 5683 417 5740 eoeli
432 5682 492 5754 quis
516 5684 638 5740 tinrtttire
653 5682 761 5747 iecicti
781 5684 899 5750 &tactos
913 5685 1026 5758 atagelog
1079 5681 1228 5753 spiritutuu
1244 5680 1342 5747 aniptac
1358 5676 1529 5747 reicientur,
1549 5685 1580 5731 et
1600 5672 1635 5732 de
1656 5676 1699 5732 lais
1721 5677 1747 5731 in
1769 5671 1883 5744 paratino

223 5775 420 5856 intelligamus,
445 5781 490 5852 qui
513 5795 562 5851 pro
577 5780 635 5854 ipsu
651 5781 821 5854 habitatione
839 5779 902 5855 coeii
925 5781 1028 5856 cqeltmp
1078 5777 1119 5837 eit
1133 5793 1141 5841 ;
1157 5773 1243 5832 cnuti
1254 5774 1357 5830 leonum
1375 5772 1515 5844 rqtqientet,
1534 5780 1561 5824 ut
1573 5772 1676 5843 rapiunt
1696 5780 1720 5826 et
1731 5777 1848 5840 querunt
1864 5783 1883 5821 tt

226 5869 294 5928 dicti
308 5881 372 5930 sunt
385 5887 434 5948 per
448 5874 608 5946 proplietam
621 5874 673 5952 boe
687 5874 781 5948 modo,
798 5873 899 5948 ligium
914 5875 971 5932 coli
981 5873 1033 5936 De
1082 5869 1137 5928 ileo
1157 5886 1243 5926 escum
1262 5867 1320 5925 ribi.
1345 5865 1395 5923 ilis
1415 5866 1497 5940 igitur
1511 5865 1646 5935 leonibus,
1666 5876 1694 5923 et
1714 5861 1883 5919 draconibus
