4000 6334
226 263 298 325 teos
622 256 795 318 urrunnu
814 258 861 319 au
879 256 1005 317 touuu
1023 257 1202 319 senatuum
1219 258 1249 317 s.
1270 255 1475 318 uteuouuut.
1562 234 1565 240 ’
1774 268 1832 330 tur

225 388 337 437 rentute
349 377 639 448 men,rulneroreruut
648 392 693 434 me
703 392 718 432 a
729 375 870 447 iuuentute
879 389 1019 443 mea‚eou·
1031 376 1057 439 Α
1070 390 1207 445 cursores,
1222 376 1274 432 ltoc
1286 386 1339 445 est,
1361 377 1410 448 qui
1420 382 1541 434 sumunt
1554 374 1582 432 itt
1595 375 1689 437 matio.
1699 380 1833 457 beniqnqn

224 477 402 532 quittaverunt
421 488 465 530 me
478 488 492 527 a
503 472 649 544 iuuentute
663 486 733 527 mea.
750 472 801 539 Qui
816 478 908 527 atroent
924 485 938 524 a
957 484 1023 541 pue·
1074 470 1222 542 Apostolus
1236 471 1303 528 dicit
1321 486 1351 529 se
1364 486 1476 529 comere
1489 480 1521 527 nt
1532 471 1569 529 ad
1582 487 1701 531 eoronam
1715 485 1834 549 puniunt

225 572 287 625 ritia
302 568 398 638 incipit
413 566 517 623 seruire
533 565 647 621 [lemine
664 580 670 623 :
685 574 712 621 et
725 578 798 641 saepe
820 568 1022 635 expugnatura
1073 562 1159 619 tuor.
1173 563 1280 636 usti).
1296 563 1332 620 ut
1345 562 1410 634 quid
1420 563 1522 621 dieitur
1537 567 1564 619 in
1575 564 1629 621 allo
1640 566 1697 624 loco
1710 586 1719 625 ι
1732 570 1834 630 Preteri-

226 664 338 720 diaitoio
350 672 377 718 et
388 661 492 733 augetis
506 661 577 729 eius,
592 671 621 716 et
636 670 726 715 tamen
744 676 799 715 nou
816 660 953 723 t·ineitur;
970 657 1023 713 iste
1073 667 1160 713 loram
1168 658 1318 714 obliuiscetur
1325 658 1361 711 od
1370 658 1737 732 prioromeeatetrdoinitip.
1745 679 1780 731 ut,
1788 665 1834 739 lii.

223 758 288 829 quid
300 756 395 813 dicati
409 755 487 828 Soepe
499 763 712 829 expugnaverant
726 756 1023 827 necinventntemeo:
1076 750 1172 809 Videte
1193 766 1259 823 ergo
1284 752 1425 824 Scriptura
1448 754 1512 824 quid
1539 753 1617 809 dicit.
1642 754 1723 827 Supra
1742 758 1834 819 donum

224 851 318 905 etenim
330 864 382 903 mon
392 854 534 920 potuerunt
548 846 625 902 mitti.
640 845 748 903 dtbteta
765 844 818 900 nisi
833 842 953 915 legitime
964 858 1022 899 eer-
1073 860 1164 903 meum
1174 846 1378 903 fabricabantur
1388 853 1559 919 peccatores.
1569 846 1616 904 Sic
1625 862 1726 921 semper
1733 855 1833 921 cucurri,

223 942 334 1013 tuterit,
349 956 402 998 nou
418 950 580 1009 coronatur,
596 940 649 996 nisi
672 954 792 1011 pugnum
808 940 954 1010 acceperit,
970 938 1023 994 uisi
1072 951 1102 996 et
1114 948 1218 996 tanturn
1239 940 1360 1008 cucurri,
1377 949 1407 996 ut
1423 941 1599 997 aduersarius
1618 956 1692 999 meus
1712 960 1837 1016 numquam

226 1034 325 1090 taciem
342 1032 474 1101 lividam,
492 1032 544 1089 ttisi
555 1032 590 1088 de
606 1031 675 1089 laeie
690 1035 801 1103 sattguis
814 1030 917 1087 eunsnn
930 1029 1022 1089 tuerit.
1075 1032 1225 1106 praecedat,
1239 1033 1289 1091 sed
1299 1019 1409 1105 semp‘er
1421 1044 1481 1104 post
1493 1043 1599 1106 tergum
1610 1034 1762 1092 inueniatur.
1771 1037 1838 1093 buu·

224 1128 309 1185 biron
321 1136 444 1185 meretur
467 1142 618 1194 coronam,
636 1125 716 1183 dolor
740 1136 862 1183 meretur
881 1126 1022 1198 gaudium.
1075 1142 1157 1198 quatu
1173 1126 1251 1183 uenit
1264 1127 1469 1183 contraocuios
1483 1141 1560 1183 meos
1572 1129 1756 1198 :nequeenim
1769 1132 1842 1201 potuit

224 1222 302 1295 Serpa
316 1228 531 1295 expurgatourrunt
547 1236 615 1275 meo
624 1222 763 1294 iuuentute
776 1236 844 1277 mro.
860 1218 938 1276 Dicat
950 1218 1024 1276 buno
1075 1220 1213 1277 sustinere
1236 1220 1329 1277 tumen
1352 1220 1497 1277 oculorum
1520 1236 1663 1289 meorum;
1687 1222 1733 1279 sed
1751 1238 1841 1294 semper

225 1315 394 1370 uersiculum
420 1314 499 1387 uirgo
523 1313 641 1370 Domini.
667 1313 745 1371 ilicet
765 1312 918 1370 monachus
938 1317 1024 1384 quta
1074 1329 1137 1371 eam
1164 1323 1268 1385 partem
1296 1311 1512 1385 persequebatur
1534 1328 1597 1384 quae
1624 1328 1693 1371 caeca
1714 1326 1771 1385 est,
1792 1332 1844 1387 qua

222 1424 307 1480 parva
328 1416 408 1465 aetate
429 1410 513 1481 empit
534 1410 637 1466 seruire
653 1409 782 1466 Domino.
800 1406 857 1479 Ego
872 1415 965 1463 autem
978 1404 1025 1477 qui
1075 1407 1171 1464 ocutos
1195 1424 1250 1463 non
1276 1407 1370 1471 babet.
1398 1410 1486 1479 Supra
1505 1407 1617 1465 dorsum
1638 1423 1725 1465 meum
1746 1408 1844 1467 taurica-

221 1500 402 1574 quadragiuta
416 1501 458 1558 tei
470 1502 668 1575 quinquaginta
683 1514 818 1583 annorum
833 1500 903 1569 coepi
918 1498 1024 1556 seruire
1074 1501 1176 1557 bantur
1190 1510 1359 1572 peccateres.
1378 1500 1611 1572 unanimumque
1624 1500 1720 1571 aliquis
1733 1500 1846 1561 iratribus

223 1596 361 1666 Ilrtmino,
377 1595 516 1667 quomodo
535 1610 647 1667 possunt
662 1596 777 1653 dicere:
792 1594 869 1667 Saepe
890 1609 1025 1667 repugno·
1075 1593 1205 1659 detrabit,
1220 1594 1273 1650 istc
1285 1604 1348 1665 post
1359 1593 1472 1650 dorsum
1487 1593 1645 1651 labrieator.
1659 1593 1742 1665 Supra
1751 1595 1845 1651 dorsum

221 1698 314 1745 serunt
328 1704 369 1747 nte
388 1706 405 1743 o
418 1691 555 1761 inornatus
579 1690 658 1747 oreo?
676 1689 755 1747 ilicet
775 1703 843 1761 ergo
867 1688 920 1745 bec
935 1689 1022 1759 rirgo.
1075 1700 1166 1741 meum
1182 1684 1388 1741 fabricabantur
1401 1693 1582 1756 peccatores,
1597 1684 1646 1771 sed
1659 1700 1709 1758 ego
1724 1700 1773 1743 nou
1787 1686 1849 1744 ride·

223 1780 303 1837 Dicat
316 1780 466 1838 monachus
479 1784 584 1855 integer
603 1797 721 1855 corpore
740 1793 767 1838 et
783 1767 891 1852 spiritu.
912 1780 947 1837 Et
958 1780 1023 1852 quid
1038 1778 1137 1841 Bbam
1156 1779 1272 1836 insidias
1284 1794 1380 1837 eorum
1392 1796 1401 1847 3
1414 1780 1456 1835 itti
1472 1779 1848 1852 labrieabanturpostdorsum

222 1874 623 1949 dicatrstepeeapnqnoeerunt
636 1892 706 1933 mco
713 1879 848 1950 iuuentute
860 1874 1024 1931 menibieat
1075 1888 1187 1941 meum,
1203 1882 1233 1929 et
1245 1888 1296 1945 ego
1310 1872 1398 1929 ocutis
1412 1874 1569 1945 paradisum
1592 1874 1797 1946 conspiciebam.
1815 1875 1850 1931 tttt

226 1968 327 2041 aliquis
349 1986 357 2025 ε
380 1970 570 2039 omonaene,
589 1971 727 2040 quomodo
750 1979 777 2026 te
799 1977 1023 2041 expugnaverunt
1074 1965 1141 2021 mibi
1156 1964 1341 2023 moliebantur
1359 1965 1495 2035 insidias,
1516 1977 1543 2023 et
1558 1982 1610 2040 ego
1630 1982 1755 2024 coronam
1773 1967 1850 2025 ridere

222 2062 362 2119 daemones
375 2072 407 2121 et
418 2062 566 2120 diabolnsl
579 2063 751 2120 Videbantur
764 2063 874 2134 quidem
897 2062 1023 2119 immines
1074 2058 1228 2131 cupiebam.
1253 2058 1482 2133 Protonqnoerant
1505 2061 1670 2132 iniquitatem
1690 2078 1770 2116 raom.
1792 2060 1851 2128 uuit

221 2158 267 2229 aqui
282 2158 499 2231 impugnabant,
523 2157 572 2215 sed
596 2172 647 2230 ego
662 2158 689 2213 in
713 2158 869 2215 bominibus
884 2156 1022 2213 diabolum
1073 2152 1159 2221 dixit,
1175 2151 1394 2225 protropoorraot
1415 2153 1579 2225 iniquitatem
1591 2170 1668 2209 raom
1679 2169 1689 2209 .·
1699 2154 1754 2226 Ego
1765 2154 1786 2209 si
1798 2169 1851 2225 pee-

220 2252 418 2325 intelligebam.
447 2250 564 2321 Quaudo
578 2266 643 2323 ergo
657 2264 705 2307 cos
719 2260 922 2321 persequuntur
936 2248 1024 2305 bonti-
1072 2260 1184 2314 carere,
1196 2253 1225 2301 et
1237 2253 1299 2315 post
1312 2255 1452 2316 peccatum
1465 2260 1557 2303 meum
1571 2260 1657 2318 egero
1666 2247 1852 2319 peonitentiam,

220 2359 290 2414 nes,
306 2359 360 2401 non
375 2343 527 2399 irascamur
547 2343 744 2415 persequenti,
762 2342 812 2398 sed
826 2342 1023 2399 condoleamus
1074 2338 1167 2395 breris
1179 2346 1222 2395 est
1234 2336 1363 2409 iniquitas
1377 2346 1478 2395 meast
1492 2354 1547 2395 uon
1561 2337 1655 2411 ionga.
1670 2339 1697 2395 Si
1711 2348 1794 2395 autem
1805 2354 1852 2409 pec·

221 2445 251 2494 et
262 2438 422 2509 plangamus
437 2450 485 2493 eos
500 2455 506 2490 :
521 2437 583 2507 qnia
601 2435 671 2491 atius
683 2444 727 2491 est
740 2434 787 2506 qui
803 2434 979 2505 persequitur
993 2433 1022 2490 iu
1073 2448 1185 2501 carere,
1196 2449 1369 2507 quocumque
1381 2433 1426 2491 die
1449 2448 1612 2506 peccavero,
1628 2434 1854 2507 tunicntospena-

220 2528 458 2601 persecutoribus.
480 2526 509 2585 Si
524 2527 719 2584 dmntoniarius
733 2568 741 2595 ,
757 2526 803 2597 qui
825 2525 906 2583 babet
921 2525 1023 2581 damo-
1073 2537 1163 2585 torum
1183 2544 1307 2585 meorum
1323 2528 1430 2599 longior
1445 2530 1500 2586 liet.
1523 2526 1853 2587 undeuicensimam

219 2638 295 2693 netu,
311 2624 429 2690 uenerit,
445 2630 473 2679 et
488 2636 608 2694 pugnum
624 2620 692 2676 milti
701 2620 818 2686 dederit,
832 2627 861 2675 et
873 2619 949 2676 calce
961 2634 1023 2691 per·
1073 2620 1135 2677 loeo
1156 2636 1164 2675 ι
1180 2617 1271 2677 Fortes
1293 2629 1457 2693 peccatoram
1477 2621 1708 2679 circumdederant
1730 2637 1768 2677 mr
1781 2617 1854 2692 (Prot.

222 2720 349 2788 cesserit,
362 2716 495 2790 numquid
510 2716 616 2773 irascor·
628 2717 653 2773 ei
664 2716 676 2771 i
687 2716 737 2774 iiie
751 2729 841 2787 pugno
853 2714 983 2784 pereutit,
995 2723 1023 2769 ct
1073 2728 1168 2783 eruut,
1183 2714 1241 2787 tit).
1260 2714 1326 2771 vite
1339 2713 1404 2787 quid
1417 2713 1508 2783 dieat,
1524 2714 1616 2773 Fuues
1631 2724 1799 2787 peccatorum
1810 2712 1855 2769 m'r·

224 2828 275 2886 cgo
293 2812 370 2883 ploro
383 2821 412 2869 et
429 2811 530 2883 plango
545 2810 754 2883 percutientem.
770 2806 857 2865 Video
872 2808 944 2864 enirn
958 2805 1023 2878 quia
1073 2808 1271 2865 comdederunt
1282 2823 1337 2865 me.
1348 2810 1384 2865 tit
1394 2809 1421 2864 in
1431 2809 1486 2865 alio
1498 2810 1560 2865 loeo
1570 2810 1704 2865 scribitur
1716 2825 1723 2863 ε
1734 2806 1856 2863 Fauicttir

220 2907 302 2978 peius
316 2904 466 2978 percutitur
481 2903 562 2960 abeo
578 2904 622 2974 qui
638 2902 665 2959 in
681 2916 711 2957 se
727 2909 866 2973 operatur,
877 2914 958 2973 quam
971 2912 1022 2971 ego
1073 2912 1239 2975 peccatoram
1250 2920 1360 2960 suorum
1372 2904 1549 2977 anmqoiaqac
1560 2905 1757 2977 constringetur
1777 2900 1855 2973 (Prot.

223 3020 237 3059 a
253 3016 334 3058 rttunu
349 3000 422 3073 eius.
441 2998 557 3068 Quoties
571 3013 638 3069 ergo
652 2996 755 3067 aliquid
775 2995 904 3066 patimur,
918 3000 946 3049 et
962 3002 1022 3049 teu·
1073 3010 1100 3063 r,
1110 2995 1171 3069 ui).
1184 2994 1325 3069 videquid
1335 2995 1420 3065 dicat,
1431 2995 1752 3067 tuniculispeccatorum
1761 3006 1858 3053 suorum

220 3094 339 3151 tationes
351 3092 456 3165 aliquas
472 3090 652 3159 sustinemus,
665 3087 743 3144 tltunt
759 3086 944 3157 intelligamus
957 3098 1022 3142 esse
1074 3092 1262 3163 uuusquisque
1282 3092 1495 3162 constringetur.
1512 3090 1666 3148 Furricuius
1686 3098 1857 3163 peccatorum,

224 3195 253 3243 ot
267 3187 339 3255 illus,
355 3186 402 3255 qni
417 3184 496 3241 nobis
512 3182 679 3240 tentationes
694 3190 842 3254 generant,
857 3180 883 3235 in
899 3175 1058 3240 bomini-C
1073 3184 1126 3242 nisi
1138 3185 1215 3255 plura
1229 3194 1340 3255 peccam
1352 3184 1508 3251 ltabuerim,
1524 3186 1580 3243 teri
1592 3200 1651 3243 non
1661 3182 1861 3258 potcstsipee·

222 3282 285 3337 bue.
300 3279 379 3335 Dicat
390 3278 488 3352 aliquis
500 3294 507 3331 ε
520 3276 577 3333 itoc
591 3277 679 3347 ipsunt
691 3274 726 3331 de
736 3274 885 3345 seripturis
896 3272 1021 3328 atdrtna:
1074 3286 1166 3336 uatum
1187 3280 1289 3347 iecore,
1313 3294 1368 3339 noe
1388 3288 1442 3335 tatu
1459 3278 1599 3338 tunieuius
1619 3288 1664 3338 est
1677 3321 1686 3349 ,
1701 3294 1781 3351 qoam
1791 3274 1857 3348 qnasi

224 3388 280 3428 non
305 3371 378 3429 eninr
393 3370 525 3427 debemus
547 3368 649 3440 aliquid
665 3367 739 3439 loqui
756 3366 808 3423 nisi
822 3366 857 3423 de
872 3366 1025 3437 Seniptnria
1076 3388 1160 3429 unuin
1183 3372 1259 3428 titum
1280 3380 1334 3429 esc.
1358 3372 1387 3430 si
1408 3381 1501 3429 antem
1530 3388 1614 3429 utinm
1640 3372 1721 3429 utum
1741 3380 1800 3439 eat,
1817 3369 1862 3425 cito

223 3466 308 3522 tuerit
321 3464 483 3522 adornatum
500 3472 582 3534 etque
596 3462 788 3534 approbatum.
800 3459 883 3517 ludas
898 3458 1024 3530 proditor
1074 3467 1220 3535 rumpitur,
1236 3474 1264 3521 et
1276 3474 1392 3534 tenere,
1407 3474 1435 3523 et
1449 3466 1534 3537 ligare
1547 3481 1601 3523 non
1618 3476 1725 3538 potest.
1741 3464 1770 3523 Si
1781 3472 1858 3520 auum

222 3562 287 3627 luit,
302 3560 350 3618 Sed
364 3558 480 3615 intrarit
492 3556 520 3613 in
532 3556 608 3613 illuni
623 3556 752 3626 Setinis,
767 3555 871 3625 etipse
886 3554 913 3608 iu
933 3550 1024 3623 prodi·
1074 3560 1155 3631 pium
1167 3570 1280 3631 peccata
1294 3559 1396 3617 inerint
1413 3570 1441 3617 nt
1459 3562 1689 3633 prolongaverint
1703 3560 1861 3633 iniquitates,

222 3668 284 3714 unio
299 3654 432 3729 prodidit.
449 3653 526 3711 utor
537 3650 670 3722 Putipbar
681 3665 714 3705 eo
729 3660 851 3720 tempore
861 3645 971 3718 quaudo
985 3656 1024 3701 te·
1075 3652 1110 3709 de
1126 3652 1250 3723 pluribus
1265 3654 1386 3724 peccatis
1397 3656 1475 3725 quasi
1487 3654 1523 3712 de
1536 3655 1666 3725 pluribus
1678 3654 1863 3712 diistonicutus

222 3751 285 3807 nuit
299 3748 410 3819 loseph,
426 3762 535 3806 sertum
554 3760 653 3813 suunt,
671 3743 783 3801 domine
802 3757 931 3810 sertum,
943 3739 1022 3796 ditis·
1078 3747 1125 3816 ut,
1139 3747 1244 3819 etiigat
1254 3790 1262 3815 ‚
1274 3755 1303 3805 et
1315 3764 1370 3804 non
1384 3749 1441 3805 cito
1454 3750 1601 3821 rumpitur.
1617 3751 1681 3809 tioc
1695 3760 1783 3808 totum
1794 3761 1865 3822 quart

224 3846 293 3903 siutu
309 3842 527 3917 pauperculum,
542 3840 610 3897 citis
634 3837 828 3912 peregrinum,
848 3835 894 3891 iiia
910 3834 1025 3891 tenebat
1075 3843 1150 3900 dixit
1163 3841 1232 3912 Quia
1245 3842 1363 3915 legimus
1376 3843 1405 3900 in
1418 3844 1471 3902 isto
1485 3844 1642 3915 versiculo,
1658 3846 1865 3918 proloaqoretaat

224 3936 337 4009 loseph,
352 3934 401 3992 sed
417 3942 531 3989 sauctus
544 3932 587 3989 uir
602 3934 629 3991 in
641 3932 767 3987 manibus
782 3928 906 3985 mulieris
921 3926 1024 3984 intelli·
1074 3939 1239 4008 insignitatem
1251 3956 1336 3994 amm.

226 4030 314 4103 gebat
334 4042 395 4085 esse
408 4027 546 4085 diabolum
564 4026 738 4081 retinentem.
764 4020 823 4079 tine
840 4029 926 4077 totum
938 4034 1024 4093 quare
1110 4028 1238 4087 Dominae
1246 4032 1580 4104 iartnscoacidetccroieea
1591 4044 1773 4108 pexotoroot.
1784 4031 1867 4090 Videte

223 4124 304 4181 dicei
317 4121 353 4180 Ut
368 4110 477 4194 quantlo
491 4118 594 4192 aliquid
609 4119 728 4191 patituur
742 4115 775 4171 ab
786 4115 957 4183 hominibus,
969 4128 1024 4171 ¹¹⁰¹·
1074 4124 1140 4197 quid
1154 4124 1236 4197 dieat,
1253 4140 1308 4183 nou
1322 4127 1402 4199 dicit,
1414 4128 1544 4186 concidat
1553 4143 1734 4201 peccatores.
1749 4129 1779 4187 si
1791 4136 1868 4185 auten

224 4220 378 4275 irascantur
392 4214 550 4273 bominibus
567 4232 573 4269 :
588 4214 635 4271 sed
651 4214 809 4285 plangamus
824 4226 883 4268 eos.
899 4211 931 4267 Et
948 4210 1023 4266 ilium
1075 4215 1128 4273 inqu
1143 4217 1267 4283 dixisset,
1284 4234 1366 4275 nemu
1380 4219 1480 4275 minari
1497 4229 1621 4293 poterat,
1638 4238 1742 4279 unipes
1758 4228 1869 4294 peecato-

224 4308 369 4364 uideamus
392 4306 584 4363 insidiatorem
600 4306 646 4377 qui
662 4306 688 4361 in
704 4306 771 4377 ipsis
787 4314 927 4375 operatur.
949 4302 1026 4377 Sceps
1075 4324 1120 4366 res
1135 4324 1237 4366 sumus.
1261 4310 1314 4368 Sed
1329 4311 1395 4382 quid
1409 4313 1495 4369 dicitt
1508 4312 1641 4373 Dondaaa
1651 4318 1749 4388 iactum
1767 4308 1869 4371 rorate

225 4410 438 4474 ocpoqnomrout
460 4416 500 4456 mr
518 4417 535 4455 o
551 4402 687 4474 iuuentute
701 4416 758 4455 oreo
773 4414 782 4453 :
797 4399 889 4455 etenim
904 4414 955 4453 aon
975 4414 1024 4471 po·
1075 4402 1185 4458 ceruices
1199 4413 1374 4473 peccatoram.
1398 4405 1450 4474 Qui
1467 4416 1494 4464 et
1509 4417 1675 4479 peccatores
1689 4419 1775 4477 sunt,
1791 4414 1818 4463 ct
1829 4418 1870 4459 su·

225 4502 329 4552 crumenat
352 4495 426 4551 mitti.
450 4492 672 4569 dispensaturum
690 4510 751 4560 me,
768 4493 794 4549 in
810 4492 1025 4564 cogitationibus
1075 4494 1154 4566 perbi
1167 4506 1233 4553 suut
1248 4516 1255 4553 :
1269 4498 1396 4569 qnoniam
1410 4501 1535 4571 superbis
1548 4501 1622 4558 lleus
1636 4502 1762 4571 resistu,
1774 4496 1872 4559 iunii

224 4590 351 4663 turpibus
366 4606 372 4645 :
387 4598 602 4663 expugnaverunt
618 4605 675 4658 ote,
692 4588 719 4643 in
734 4588 888 4644 iracundia.
906 4587 964 4659 Ego
978 4602 1024 4643 ae·
1038 4573 1062 4636 Ι)
1075 4589 1126 4645 bus
1144 4598 1235 4646 autern
1248 4588 1421 4664 deigratiam
1435 4609 1443 4646 a
1456 4592 1519 4651 itleo
1533 4594 1666 4655 concidet
1681 4596 1807 4654 eervices
1819 4604 1871 4663 pte

225 4684 319 4757 quieti
342 4681 575 4755 cogitationibus;
599 4679 647 4737 sed
667 4678 761 4755 [Forte
783 4680 932 4735 addendam
956 4678 1023 4752 non]
1074 4691 1209 4749 catorum.

224 4775 349 4849 aetpuieti
370 4774 584 4841 tentationibns;
598 4772 647 4830 sed
663 4771 765 4845 aliquid
778 4772 828 4830 teei
840 4773 912 4844 quod
924 4788 968 4831 me
978 4786 1023 4831 co·
1159 4780 1163 4787 ’
1324 4756 1484 4819 PSMMUS
1501 4758 1622 4817 CXXXI·

224 4872 323 4944 gitatio
338 4868 535 4941 compellebat.
557 4867 585 4925 si
606 4866 744 4923 iracundia
760 4882 805 4923 mo
825 4869 980 4938 superauit,
996 4875 1025 4925 et
1113 4871 1255 4942 liemcule,
1269 4870 1397 4943 unnim,
1414 4873 1501 4931 Ilooid
1523 4886 1549 4932 et
1561 4879 1651 4934 omnia
1672 4870 1873 4935 namur-uus

223 4966 302 5024 tratri
318 4966 369 5022 teci
383 4962 524 5035 iniuriam,
539 4975 594 5017 non
609 4974 719 5031 possum
732 4960 824 5017 dicere
837 4978 844 5016 :
856 4958 959 5016 Etenim
972 4975 1024 5016 oon
1076 4968 1144 5040 ritus.
1160 4966 1235 5021 btulti
1252 4977 1348 5037 putant
1361 4984 1396 5025 ex
1408 4984 1443 5026 eo
1455 4970 1528 5041 quod
1543 4971 1682 5043 scriptum
1696 4983 1743 5031 est
1755 4974 1784 5030 in
1798 4971 1874 5026 lirae

224 5066 364 5133 potueruut
379 5058 453 5111 nritti.
470 5055 624 5111 Potuerunt
638 5052 711 5109 enim
727 5052 805 5109 turibi.
1075 5061 1159 5133 gello,
1174 5059 1300 5119 Miserere
1308 5064 1402 5131 nostri,
1414 5064 1452 5135 pti
1465 5064 1552 5119 Droid
1563 5065 1632 5137 (boc
1645 5068 1720 5123 casei
1731 5066 1826 5123 dicunt
1835 5056 1876 5131 qui

262 5152 346 5221 Super
360 5152 466 5205 dorsum
480 5162 565 5203 areum
581 5146 772 5219 fabricaverunt
787 5159 944 5219 percuteres.
960 5149 1024 5208 uitt-
1076 5152 1205 5209 sedebaut
1221 5155 1247 5211 in
1260 5154 1394 5228 iericho),
1409 5158 1490 5212 istum
1505 5155 1602 5225 uteie,
1616 5160 1671 5230 qui
1688 5161 1876 5231 interpretatur

222 5253 320 5318 genter
332 5242 546 5299 anitnudrertite
566 5238 707 5311 Scriptura
723 5240 790 5310 quid
805 5242 887 5297 dieat.
905 5242 1023 5300 Sanetus
1076 5247 1150 5319 fortir
1162 5262 1253 5315 mena,
1268 5248 1364 5305 reterri
1379 5249 1414 5305 ad
1427 5248 1573 5307 Dominum
1584 5252 1778 5309 Sciratercm.
1790 5244 1879 5307 setin

224 5340 328 5396 atltleta
343 5345 398 5405 est,
413 5346 441 5394 et
456 5350 509 5391 uon
531 5342 679 5392 coronatur
693 5334 745 5389 nisi
764 5334 810 5405 qui
826 5335 944 5407 legitimo
959 5352 1022 5393 cer·
1075 5338 1129 5394 isto
1149 5340 1253 5410 psalmo
1272 5341 1297 5397 si
1311 5342 1478 5400 statuerimus
1500 5343 1613 5412 reterri,
1642 5356 1677 5400 ut
1704 5346 1747 5402 itti
1770 5347 1878 5417 putant.

224 5430 325 5489 tuterit
341 5448 347 5484 :
364 5429 441 5487 scitis
456 5428 529 5485 enirn
541 5428 783 5499 qniaatlrietarum
798 5430 881 5485 multu
897 5444 960 5486 suut
974 5446 1023 5503 ge·
1075 5428 1190 5487 muitum
1217 5442 1298 5489 nocet
1325 5434 1512 5505 intelligentiae
1534 5445 1649 5493 nostrae.
1679 5436 1715 5496 Si
1738 5438 1812 5496 enirn
1834 5433 1880 5489 boe

224 5542 302 5584 nera.
320 5524 472 5583 Suntenim
487 5523 533 5578 atii
548 5523 659 5579 atitielm
676 5541 683 5578 r
699 5524 991 5595 aliiuerosuntquasi
1008 5535 1022 5564 ¹
1075 5523 1148 5592 quod
1171 5522 1281 5596 dieitur,
1308 5525 1456 5596 dtemeoto,
1480 5527 1609 5597 bom,
1636 5527 1736 5587 Domiti
1759 5540 1784 5587 et
1805 5526 1882 5585 orastis

223 5611 434 5684 Pammaeburii,
450 5614 498 5673 alii
510 5613 544 5671 ad
556 5614 615 5671 dies
624 5615 804 5688 contendunt,
819 5616 864 5672 atii
879 5631 945 5672 tero
957 5625 1022 5673 suut
1074 5624 1281 5679 meametattinir
1295 5624 1368 5695 rias,
1385 5624 1504 5683 retertur
1517 5625 1552 5682 ad
1565 5624 1715 5684 Christum
1727 5670 1737 5698 ,
1750 5622 1882 5700 quomode

261 5740 428 5809 ucorrnpu
453 5734 662 5799 Pennoclmrii,
694 5750 754 5807 qum
780 5751 832 5792 vor
858 5736 1019 5808 felicissimos
1073 5738 1188 5794 rescribi
1202 5738 1390 5803 Pancroriorii,
1403 5738 1677 5811 quoduomeoidem
1694 5750 1742 5801 est
1756 5750 1838 5812 atque
1851 5736 1882 5792 il·

224 5812 331 5885 potius,
347 5824 427 5883 quarn
441 5814 595 5879 pugnatores
611 5813 696 5872 motat,
718 5806 771 5879 logi
791 5815 913 5865 autumo.
928 5807 1018 5865 biaiim
1074 5809 1122 5867 tud
1133 5812 1304 5882 potissimum
1315 5809 1514 5869 Pancratiastae.
