4000 6334
257 372 311 429 sta
652 348 826 419 attrebati
848 348 893 415 no
911 344 1039 414 abnuit
1054 340 1230 411 smittmit
1253 350 1282 409 s.
1305 348 1505 407 utesournt.
1847 346 1894 403 ott

259 485 458 542 mandatorum.
477 480 638 537 istiterium
650 478 793 533 desursum
809 474 889 530 ltabet
904 476 1033 529 cotanen
1047 486 1055 527 ε
1069 472 1097 530 Is
1108 470 1165 526 coeii
1185 470 1283 540 tirtrrrti
1301 474 1373 536 suni,
1388 478 1411 522 et
1426 468 1521 537 spiritu
1535 467 1589 521 oris
1602 468 1661 538 eius
1673 464 1755 519 omnis
1770 462 1849 518 cistas
1861 481 1899 519 eo·

260 579 417 652 praedicatio
443 577 485 633 tel
511 570 635 630 mandata
649 572 807 643 intelligitur
824 568 973 633 iitsatntis,
997 578 1059 635 onae
1109 580 1177 619 rum.
1194 562 1475 631 'trinitatis-majestas
1497 556 1899 615 tuauiiestissitnedeclaratur:

260 674 295 729 de
309 670 435 741 supernis
448 666 568 722 ueniunt.
584 663 659 720 Unde
671 662 760 717 dixit:
783 657 870 717 Omne
897 658 989 713 daturin
1008 665 1058 727 ops
1111 658 1252 727 Dominus,
1269 656 1398 723 lesbum,
1420 653 1542 725 Spiritus
1559 650 1677 707 [tormini.
1695 646 1733 705 Et
1749 650 1845 720 spirito
1857 651 1902 706 orit

260 765 368 831 timunt,
395 770 424 817 et
444 772 525 815 omne
549 758 649 813 donum
668 754 831 827 perlectum,
846 754 992 809 desursum
1018 756 1061 805 est
1111 752 1168 823 rjus
1190 750 1273 804 ononis
1296 748 1380 804 oirtrrs
1401 752 1501 803 sorsat.
1524 745 1667 801 Paracleto
1687 744 1792 800 seilicet
1812 753 1903 813 coope·

262 844 712 913 descendensatt'auoiumiount,
743 845 814 915 opud
836 858 916 915 quum
943 848 1062 897 nonest
1112 839 1591 909 santonorumuirtutesctelorusr
1604 834 1903 894 mercennariorum

262 945 463 1010 transmutatio,
477 942 518 997 uei
530 939 722 997 vicissitudinis
733 937 905 993 obumbratio
914 935 1018 1003 (toron.
1027 939 1060 1003 t).
1112 935 1230 990 Dontino
1241 935 1333 1003 Pater,
1346 932 1373 989 iu
1383 932 1472 989 ierbo
1481 931 1584 998 Filium
1597 932 1624 986 iu
1634 928 1735 1002 spirita·
1747 929 1815 996 oris,
1827 927 1905 997 sitiri·

262 1041 356 1097 licceat
366 1039 532 1105 camimum,
554 1036 649 1099 idest,
667 1034 759 1089 dcectn
785 1032 866 1086 turba
889 1030 966 1102 iugis.
997 1028 1063 1083 Tria
1115 1039 1157 1087 tus
1171 1038 1281 1085 sauctus
1296 1029 1462 1085 declaratur.
1478 1029 1512 1085 Et
1524 1027 1587 1099 quia
1603 1026 1684 1095 dicit,
1695 1025 1748 1081 orit
1761 1029 1820 1098 ejas
1836 1040 1845 1079 .·
1859 1038 1906 1082 aon

264 1132 390 1189 mantiam
405 1132 432 1185 in
447 1140 500 1185 tttta
516 1128 616 1193 taitttitt,
629 1134 689 1197 trum
702 1126 735 1179 ati
752 1125 832 1180 tinem
845 1122 987 1178 Trinitatis
1002 1134 1063 1191 per·
1115 1122 1264 1195 procedens
1278 1123 1356 1195 qimai
1373 1122 1463 1179 minor
1475 1120 1614 1201 credatur.
1630 1120 1700 1177 iiarn
1715 1118 1787 1175 sieut
1799 1115 1905 1176 Filiosa

265 1228 371 1293 tinent,
389 1226 538 1287 diocesani:
555 1222 669 1292 printun
686 1238 692 1273 :
708 1218 789 1289 ntuli,
817 1215 909 1282 lsrael,
934 1216 1064 1269 Dominus
1114 1216 1216 1285 Patre,
1237 1225 1266 1274 et
1288 1217 1400 1287 retinetis
1422 1216 1495 1272 Patri
1518 1234 1527 1271 :
1551 1217 1590 1271 ita
1610 1219 1640 1271 el
1662 1212 1783 1286 Spiritus
1803 1222 1907 1269 sancttu

268 1320 340 1376 bens
352 1328 414 1373 tuus
426 1317 497 1372 bens
516 1330 587 1371 unns
600 1320 658 1379 est;
671 1313 820 1367 secuudum
840 1328 845 1363 :
868 1308 927 1365 lion
950 1306 1065 1362 nabebis
1115 1309 1228 1379 mortalis
1250 1308 1322 1365 Patri
1339 1308 1455 1365 nabetur
1467 1321 1499 1363 ae
1514 1306 1596 1364 inlitu
1609 1306 1669 1374 lei,
1683 1308 1778 1378 spirits
1792 1307 1846 1360 oris
1859 1306 1909 1375 citit

265 1430 364 1471 nornen
378 1412 424 1469 bei
441 1414 478 1467 tni
491 1412 519 1466 in
539 1419 656 1474 santiam
686 1405 818 1461 tertium:
841 1402 963 1460 Obscura
989 1400 1067 1455 diens
1117 1404 1201 1458 omnis
1219 1405 1299 1459 cirrus
1317 1411 1417 1474 enain,
1440 1404 1467 1459 id
1487 1406 1541 1472 cst,
1566 1399 1767 1477 perspiritum
1790 1410 1906 1458 moutarn

265 1508 370 1566 sabbati
382 1506 474 1579 (brist.
486 1518 533 1567 tut.
546 1504 670 1573 Septcttt,
685 1502 712 1555 in
726 1499 809 1555 atton
821 1496 922 1565 tabula,
935 1494 970 1549 ad
981 1492 1066 1549 dilee·
1117 1498 1235 1553 uirtutes
1258 1497 1379 1553 iliorum.
1405 1496 1476 1567 baia
1500 1511 1548 1569 pter
1567 1496 1700 1569 Spiritum
1722 1502 1848 1553 sanciunt
1867 1495 1908 1550 ba·

267 1604 369 1658 tionem
384 1597 498 1671 proximi
512 1598 659 1668 portinent.
1117 1589 1238 1645 onerum
1251 1582 1375 1647 diversas
1387 1590 1493 1663 gratias
1509 1608 1516 1646 :
1531 1587 1558 1646 id
1573 1590 1627 1657 esi,
1644 1590 1771 1646 virtutes.
1786 1586 1854 1645 llam
1869 1601 1909 1658 per

302 1692 412 1751 Caritate
429 1692 453 1747 el
466 1691 597 1745 cuitticutu
613 1698 716 1741 actum.
734 1682 761 1739 itt
776 1692 828 1753 esi,
844 1683 954 1754 psallite
973 1680 997 1737 ei
1013 1691 1063 1736 uti·
1117 1698 1167 1741 nos
1182 1682 1251 1740 nibil
1264 1685 1329 1740 boni
1345 1682 1498 1753 habuimus,
1514 1684 1566 1741 uisi
1580 1700 1629 1755 per
1644 1686 1746 1755 ipsura.

266 1806 330 1847 tutu
350 1787 488 1843 canticum
510 1800 516 1841 :
541 1784 565 1838 id
587 1788 640 1851 est,
665 1790 762 1835 trovam
785 1778 878 1845 uitam,
895 1777 958 1847 quia
973 1780 1061 1831 novus
1153 1776 1319 1851 Conprepens
1333 1778 1400 1833 rictu
1412 1778 1441 1833 irt
1454 1786 1511 1834 utre
1523 1794 1607 1851 aquus
1621 1780 1711 1835 moris.
1728 1777 1856 1837 Clausum
1871 1782 1909 1837 lit·

266 1885 350 1939 lmmo
366 1882 445 1937 tettit
458 1882 484 1935 iu
501 1878 631 1933 nt'itntlum
647 1894 653 1930 ε
670 1882 769 1929 notatu
783 1873 870 1944 legent
886 1870 1000 1926 instituit
1016 1883 1064 1925 uo-
1080 1856 1221 1929 litoribus
1237 1884 1313 1927 mare
1326 1870 1455 1928 ostendii.
1468 1868 1633 1945 Conprepnus
1646 1874 1711 1928 sient
1723 1874 1749 1928 itt
1763 1882 1822 1930 utre
1833 1890 1906 1945 spurt

267 1977 322 2040 bis,
338 1982 366 2029 ct
381 1985 481 2028 not-aut
497 1970 649 2026 Ecclesiam
664 1974 712 2037 pei
727 1965 903 2037 baptismum.
920 1961 1029 2019 Cttntetr
1041 1962 1068 2017 ei
1118 1962 1206 2018 attaris.
1228 1962 1281 2020 Per
1295 1977 1395 2035 aquus,
1412 1964 1504 2022 seculi
1523 1965 1714 2022 tribulationes
1729 1967 1873 2038 sigttiiteat,
1886 1977 1909 2025 et

271 2069 401 2123 ronticnnt
414 2073 519 2131 actutu,
531 2062 594 2133 qnia
610 2052 769 2123 resttrtettii,
784 2056 844 2128 ortis
858 2054 936 2111 sedet
951 2054 985 2109 ad
1000 2054 1066 2109 dci·
1118 2061 1325 2129 persecutiones
1345 2066 1501 2113 sanctorum
1527 2077 1534 2113 :
1555 2058 1618 2131 quoia
1635 2047 1704 2115 sicut
1720 2052 1842 2115 immola
1858 2070 1909 2117 utro

269 2166 338 2215 tram
359 2158 456 2213 Patris.
478 2144 547 2211 licus
566 2152 669 2225 psallite
688 2150 721 2206 ci.
743 2150 792 2206 illc
814 2149 884 2205 bene
900 2147 1003 2216 psallit,
1020 2146 1065 2213 oui
1120 2161 1207 2224 antias
1219 2152 1338 2226 stringit,
1353 2163 1381 2208 ct
1395 2153 1503 2225 quando
1520 2144 1576 2209 uult
1591 2153 1694 2225 spargit
1712 2174 1719 2210 :
1736 2155 1776 2210 sic
1790 2146 1910 2211 liomiuus

269 2252 364 2321 impiet
386 2252 412 2305 io
433 2256 516 2318 orioro
535 2244 607 2317 ottod
626 2248 718 2299 eatttat
733 2258 740 2297 r
757 2240 783 2297 id
799 2252 852 2303 est.
870 2238 1015 2311 prodiret·
1033 2236 1067 2293 lrt‘
1121 2240 1309 2302 tribulationes
1333 2242 1475 2316 Ecclesiae,
1491 2251 1523 2302 ut
1543 2246 1580 2302 ait
1595 2241 1696 2301 Paulus
1710 2262 1718 2302 :
1732 2242 1833 2302 Fidelis
1848 2245 1909 2303 lists

266 2345 433 2420 jubilatione.
456 2331 692 2407 instituissemus,
715 2334 787 2407 qumi
810 2344 858 2389 nec
882 2332 992 2399 rerbis,
1017 2336 1069 2387 nce
1120 2339 1167 2409 otri
1188 2356 1242 2396 uon
1263 2342 1383 2412 patietur
1403 2357 1455 2396 ros
1469 2341 1566 2397 tentari
1580 2354 1663 2413 super
1678 2341 1706 2399 id
1719 2342 1791 2414 quod
1807 2342 1910 2414 potestis

269 2438 393 2509 sillabis,
414 2446 442 2491 ct
460 2449 511 2491 nec
532 2432 642 2498 titteris.
660 2445 711 2485 nee
724 2444 790 2485 '¹¹00
806 2436 894 2500 b0²0⁸¹
909 2432 1070 2495 mimi·
1120 2436 1203 2503 icrre,
1226 2434 1274 2490 sed
1294 2436 1376 2491 irtriet
1392 2434 1475 2491 etiam
1491 2445 1650 2507 protentum
1666 2444 1695 2492 ut
1709 2438 1821 2507 possitis
1834 2438 1906 2492 susti·
1981 2477 1982 2482 1

268 2542 315 2587 atil
339 2526 574 2599 conlill'dlllllideie
596 2528 730 2597 qttattilim
756 2522 840 2577 lstimir
865 2521 951 2575 iletin't
970 2517 1068 2573 llllelll
1122 2526 1644 2604 nemnem,1)‚Cpnqppqpmpi0min
1656 2532 1764 2595 mmm
1780 2528 1905 2585 noposse.
1981 2541 1982 2580 ξ

269 2626 392 2681 laudare.
409 2620 480 2677 Broc
492 2620 597 2694 psallite
612 2619 636 2674 ei
649 2619 676 2673 in
690 2617 882 2689 vociferatione.-
900 2614 952 2670 Per
965 2612 1070 2683 iubilo·
1120 2622 1211 2677 creste
1227 2622 1335 2678 nomine
1349 2637 1357 2679 ι
1373 2636 1455 2693 nonus
1473 2624 1670 2691 nanasardi
1686 2625 1853 2697 populoso
1865 2624 1911 2679 sint
1981 2605 1982 2676 i

269 2720 373 2775 tionem
394 2716 533 2785 nutritium
555 2713 739 2775 sacerdotum,
761 2710 873 2766 totiena
893 2708 986 2763 mundi
999 2705 1070 2777 tigr-
1121 2712 1215 2769 uinum
1236 2728 1353 2781 novum,
1374 2710 1444 2770 sicui
1463 2714 1596 2771 Dominus
1618 2713 1671 2783 ait,
1694 2719 1720 2772 in
1741 2726 1818 2772 utros
1836 2730 1912 2772 noros

271 2826 330 2867 ram
351 2808 475 2865 retinens
494 2806 599 2863 corruit
619 2804 688 2877 (lor.
711 2804 766 2875 rr),
788 2805 861 2858 nune
881 2814 929 2871 per
947 2806 1071 2855 nostram·
1124 2806 1217 2877 (blau.
1233 2805 1405 2878 triridest,
1422 2802 1614 2879 Grangeticum
1629 2818 1809 2881 praeceptum,
1826 2825 1911 2865 recon-
1981 2815 1982 2866 t

271 2906 435 2970 orationem,
450 2902 511 2973 eins
523 2892 754 2971 ctmcnpiseentiat
768 2895 918 2953 eliduntur.
1123 2898 1209 2954 ditum
1225 2897 1252 2953 ln
1267 2897 1398 2954 cordibus
1420 2897 1603 2954 credentium.
1628 2897 1734 2955 Poscns
1751 2900 1779 2955 itt
1797 2898 1912 2955 sternaris
1981 2949 1982 2952 ,

309 2998 438 3065 Qttottiom
459 3004 544 3051 rectus
564 3004 601 3050 est
621 3002 705 3048 sernto
729 2990 845 3047 llotnini.
867 2984 1074 3059 lieeinalioud
1123 2990 1239 3062 obesses.
1260 2989 1285 3045 b
1306 3005 1403 3059 mouns
1425 2989 1710 3063 cicaorispotonno,
1728 2988 1912 3048 rerottdeusio
1981 3040 1983 3059 ,

273 3098 412 3158 curtatur,
435 3090 483 3145 sati
507 3087 715 3161 prosperabitur
734 3086 761 3142 ia
782 3082 825 3140 iis
850 3084 884 3140 od
899 3095 961 3155 nna
979 3082 1074 3154 diripit
1124 3082 1262 3139 thesauris
1275 3082 1390 3154 abyssos
1405 3098 1413 3138 t
1428 3082 1586 3154 producens
1597 3069 1633 3140 tle
1653 3081 1789 3140 thesauris
1804 3082 1911 3140 renisi
1981 3103 1983 3114 ·

271 3187 359 3241 iilum.
373 3184 408 3240 lit
421 3182 508 3238 omnin
520 3188 599 3259 opero
611 3186 668 3253 ojus
679 3182 706 3234 ln
722 3175 784 3250 title.
798 3178 871 3236 Sicut
886 3179 924 3233 ait
939 3178 967 3233 ltt
980 3178 1070 3233 liran-
1124 3176 1227 3232 Tamen
1246 3176 1292 3232 nic
1310 3175 1437 3248 abyssos,
1454 3178 1650 3249 mysteriorum
1664 3176 1816 3234 celestino
1829 3178 1911 3233 altitu·

273 3278 355 3352 pelio.
367 3278 397 3333 si
411 3274 565 3330 habueritis
580 3266 661 3329 lidortt
675 3273 820 3341 integram.
835 3278 864 3325 ct
874 3268 998 3325 dixeritis
1012 3254 1111 3327 atrei}
1126 3270 1216 3328 dinetu
1233 3270 1421 3343 intelligimus,
1434 3272 1512 3342 iusta
1532 3261 1598 3328 illud
1612 3272 1735 3344 Apostoli
1751 3290 1759 3330 :
1773 3270 1912 3331 ttattitnto

275 3371 373 3435 motui,
388 3366 520 3424 Trattsier
532 3374 558 3423 te
571 3376 600 3421 et
615 3368 692 3421 tuittu
706 3373 735 3420 te
749 3365 776 3419 itt
792 3374 884 3419 otone:
901 3364 946 3417 liet
962 3360 1073 3435 inusti.
1125 3359 1283 3421 divitiorum
1294 3364 1447 3435 sapientior,
1462 3365 1620 3422 etscicutiae
1632 3347 1679 3423 liei
1690 3362 1780 3439 (iiont.
1792 3360 1845 3440 iri!
1859 3366 1909 3439 ici,

275 3464 353 3531 xuni.
371 3460 405 3516 Et
419 3458 507 3514 omnin
522 3456 700 3529 duarumque
713 3454 831 3511 lideiiter
843 3454 978 3526 petieritis
991 3468 998 3510 t
1011 3468 1074 3511 ere·
1124 3459 1153 3512 in
1172 3458 1317 3524 tttcsnuris,
1334 3457 1360 3513 id
1375 3468 1428 3525 cst,
1444 3458 1471 3513 iti
1491 3458 1660 3515 abscondills
1674 3456 1735 3516 liei.
1752 3456 1907 3528 rossontus,

275 3556 333 3612 dite
353 3556 417 3626 quia
437 3552 586 3623 accipietis,
609 3560 636 3607 et
655 3550 953 3618 renuntiantibus
982 3558 1076 3607 rectos
1127 3548 1153 3606 id
1172 3558 1228 3617 ert,
1249 3550 1362 3621 largitas
1376 3568 1384 3609 ι
1397 3549 1450 3606 boe
1463 3559 1516 3620 est,
1532 3552 1697 3623 proluudnm
1710 3552 1908 3625 scripturaram.

275 3658 318 3703 cst
332 3656 422 3704 sermo
437 3646 558 3711 Domini,
573 3652 600 3700 tit
619 3646 710 3700 otattia
725 3656 809 3715 opera
825 3643 883 3713 cius
900 3644 926 3697 iu
940 3642 1004 3699 ilde.
1023 3642 1076 3699 lle-
1126 3642 1206 3700 liade
1226 3643 1280 3701 ttllu
1299 3642 1462 3700 incontrito
1477 3645 1528 3715 Qui
1543 3646 1668 3716 producit
1686 3652 1796 3703 teutdtu
1809 3650 1841 3703 de
1854 3646 1908 3702 tic·

275 3752 337 3797 ctus
350 3750 393 3797 cst
408 3742 434 3793 in
448 3738 543 3796 rectis:
553 3736 642 3805 bons
656 3736 716 3807 ejus
730 3736 759 3791 in
776 3734 840 3802 tttte,
852 3734 880 3790 in
897 3734 950 3791 ilde
963 3744 1075 3791 sanctos
1126 3738 1216 3794 santis
1228 3738 1287 3794 suis
1301 3737 1389 3811 (Psoi.
1404 3738 1528 3811 exstrui.
1543 3729 1611 3795 iiam
1625 3748 1759 3813 qttontuut
1775 3740 1854 3797 soluit
1867 3754 1909 3811 por

276 3851 366 3891 rrum:
386 3834 448 3904 quia
469 3832 540 3903 qnod
564 3830 699 3903 promittit
718 3829 789 3884 licus
809 3830 910 3884 sanetis
932 3830 1000 3896 suis,
1021 3842 1076 3885 nna
1126 3846 1220 3887 seruos
1237 3845 1301 3886 suos
1314 3832 1393 3886 uobis
1407 3831 1598 3887 deutottsttarc
1615 3849 1623 3889 :
1638 3842 1745 3889 orntum
1760 3832 1909 3904 pernosin·

276 3930 418 3985 mentitur.
937 3924 944 3939 '
1128 3925 1251 3995 toilipare
1269 3924 1428 3996 potuimus:
1444 3926 1531 3995 ipssrn
1545 3924 1758 3997 prolanditatem
1772 3924 1909 3997 Scriptura·

311 4021 406 4094 bttipit
429 4017 645 4081 misericordiam,
660 4020 683 4071 ot
698 4015 832 4090 judicium
845 4014 984 4070 Dominus.
999 4014 1075 4083 Quo·
1126 4030 1187 4073 runt
1202 4028 1370 4088 nequaquam
1383 4030 1535 4088 possumus.

276 4112 359 4170 modo
380 4108 456 4175 dicit,
480 4108 566 4183 diripit
588 4108 803 4174 inisericordiam,
820 4122 881 4162 etttn
903 4108 929 4161 iu
944 4108 999 4162 alio
1015 4108 1076 4163 loco
1165 4108 1264 4165 Timent
1277 4106 1420 4165 Duntinuat
1434 4112 1516 4166 omnir
1526 4122 1604 4166 troo.
1616 4112 1667 4181 butt
1681 4118 1790 4170 terrena
1802 4112 1906 4181 sopiunt,

276 4206 349 4262 dicat
361 4224 367 4259 :
379 4204 419 4261 Ne
432 4202 588 4259 miserearis
601 4202 714 4272 pauperi
727 4196 866 4271 injudicio
880 4192 977 4272 (and.
990 4198 1074 4270 xrtt):
1128 4203 1216 4272 ipsunt
1231 4202 1333 4275 potius,
1348 4208 1377 4257 et
1391 4217 1445 4258 nou
1459 4214 1623 4270 creaturam,
1641 4204 1768 4262 adorent.
1782 4204 1819 4260 li
1831 4220 1857 4259 rr
1867 4219 1908 4256 rr·

226 4332 228 4335 -
277 4296 304 4353 itl
319 4304 372 4362 est,
387 4307 445 4351 nun
460 4302 576 4365 propter
597 4303 744 4364 pauperent
760 4303 810 4345 ttee
826 4289 1073 4361 proptertliriteut,
1128 4305 1179 4350 tem
1199 4304 1405 4349 commoneantur
1425 4306 1516 4349 amites
1538 4296 1712 4353 indubitantes
1735 4298 1828 4353 orben.
1853 4294 1907 4349 liat
1980 4307 1982 4316 ·

277 4396 333 4448 non
352 4400 464 4462 propter
477 4387 633 4460 proximum
645 4396 672 4443 et
689 4385 879 4455 longinquum,
894 4398 949 4440 uon
961 4393 1076 4455 propter
1127 4386 1237 4458 quitiam
1259 4387 1294 4443 de
1317 4386 1409 4443 iutnro
1431 4387 1598 4445 arbitrantur
1618 4389 1735 4461 judicio,
1755 4390 1802 4447 sed
1821 4389 1850 4445 ad
1869 4400 1906 4443 sc

276 4488 414 4559 cognitum
435 4498 463 4541 et
485 4483 665 4555 incognitum,
690 4480 811 4535 declines
827 4494 842 4533 a
858 4486 933 4535 reete
944 4477 1076 4547 judicias
1128 4490 1256 4554 prietatem
1281 4482 1481 4553 expositionem
1506 4484 1592 4556 magis
1615 4485 1776 4564 respiginnr.
1798 4484 1837 4541 Ab
1857 4482 1907 4552 ipso

276 4581 326 4635 sed
347 4578 423 4652 prius
441 4576 531 4649 judico
547 4584 653 4634 rectum
666 4572 809 4645 indicium,
824 4580 851 4627 ot
866 4578 959 4641 postea
972 4570 1071 4626 subre-
1128 4584 1220 4632 autem
1240 4582 1466 4631 commoveantur
1488 4576 1618 4637 uniuersi.
1640 4586 1739 4634 omues
1759 4578 1803 4649 qui
1816 4574 1906 4631 inlabi·

276 4674 335 4728 ttiat
348 4670 543 4728 misericordia.
558 4668 651 4739 liiiipit
662 4664 877 4733 misericordiam,
890 4665 953 4737 quia
968 4680 1019 4721 nos
1032 4675 1076 4720 as-
1089 4652 1119 4715 Ι)
1131 4677 1186 4724 tant
1207 4668 1314 4724 orbem.
1336 4667 1378 4723 Ab
1398 4667 1458 4738 ipso
1471 4666 1529 4725 lieo
1541 4678 1768 4725 eomutoresutur
1783 4666 1905 4725 uniuersi:

275 4776 387 4837 sumpta
402 4777 486 4819 earne
499 4760 627 4827 redemit,
639 4765 668 4817 et
678 4758 823 4831 judicium,
837 4759 881 4829 qui
897 4758 966 4815 ioter
977 4757 1076 4828 impios
1129 4761 1157 4818 id
1171 4771 1224 4829 est,
1235 4760 1271 4818 de
1283 4760 1443 4818 iuddelitate
1458 4762 1492 4818 sti
1505 4761 1599 4819 iidem.
1617 4761 1665 4819 iel
1679 4764 1798 4821 universi
1809 4780 1817 4820 ε
1827 4769 1907 4816 orons

274 4860 418 4931 juratusque
441 4856 582 4911 disceruit.
596 4850 781 4909 Misericordia
804 4849 911 4906 Domini
934 4850 1012 4923 pleno
1037 4859 1076 4905 est
1129 4864 1263 4912 conannas
1284 4856 1320 4912 sb
1338 4855 1400 4927 ipso
1417 4855 1541 4924 vestiunt,
1563 4868 1591 4914 nt
1613 4864 1667 4914 non
1687 4858 1758 4915 sioni
1771 4862 1907 4930 munros

276 4962 355 5007 terra.
371 4950 456 5007 Totus
479 4946 607 5003 muudus.
625 4944 673 5001 liei
695 4952 779 5013 terro,
794 4952 888 5001 sancta
905 4942 1026 5027 Ecclesia
1040 4942 1076 5001 ds
1128 4948 1233 5017 dieunt,
1258 4947 1330 5020 «troi
1354 4958 1462 5020 ternpus
1483 4944 1543 5006 ilias
1565 4950 1696 5019 adducit,
1718 4956 1747 5009 et
1765 4967 1816 5008 non
1830 4950 1905 5005 bers:

274 5046 466 5105 misericordia
491 5042 540 5101 bei
560 5040 639 5114 piena
659 5047 703 5097 est
724 5057 731 5095 r
752 5040 814 5110 onia
829 5038 900 5095 siout
912 5039 960 5095 ille
974 5037 1077 5109 nbious
1128 5043 1192 5114 quia
1212 5052 1241 5097 et
1259 5051 1394 5113 tempora,
1413 5050 1442 5098 et
1462 5041 1531 5110 dics,
1546 5054 1573 5099 et
1587 5050 1687 5113 anuos,
1702 5042 1748 5101 rei
1768 5048 1843 5101 etiarn
1857 5052 1906 5096 uto-

275 5150 330 5207 est,
352 5132 383 5196 et'
399 5154 448 5195 sua
469 5134 655 5193 misericordia
671 5150 732 5190 eum
747 5134 806 5201 illo,
819 5142 848 5190 et
860 5132 895 5189 ab
908 5131 954 5188 illo
967 5132 1076 5203 insepa-
1129 5136 1221 5191 menta
1235 5134 1307 5191 beto
1321 5134 1474 5191 coustituit.

274 5233 370 5291 rabilis
383 5242 426 5291 est
443 5250 449 5287 r
465 5230 529 5305 quio
542 5244 597 5287 ttou
610 5236 715 5285 motum
726 5224 1076 5298 atiuttoseustodiaede·
1165 5230 1234 5297 Qtrlo
1252 5230 1309 5299 ipse
1329 5228 1409 5298 dieii,
1430 5237 1456 5284 et
1473 5231 1545 5299 {octo
1563 5238 1625 5286 tant
1646 5232 1727 5303 iip'ac
1745 5229 1907 5295 mandasset

275 5324 393 5395 seendit.
414 5324 462 5382 ssd
483 5332 515 5381 at
533 5331 692 5395 pecoamtet
710 5319 870 5387 redimeret,
887 5326 918 5377 ut
930 5318 1022 5376 seiros
1035 5317 1076 5374 ia-
1127 5330 1294 5378 creatssttnr.
1307 5320 1373 5378 ideo
1384 5320 1474 5392 ipsum
1486 5332 1586 5379 cuneta
1598 5324 1806 5397 timeantrquia
1817 5322 1907 5390 abipso

275 5428 359 5477 eerett
1127 5414 1170 5469 uel
1191 5411 1262 5469 tacta
1282 5423 1360 5482 sunt,
1379 5413 1423 5470 rel
1443 5422 1545 5470 creata.
1567 5414 1630 5487 ipsc
1650 5416 1741 5473 disis:
1758 5417 1807 5473 boe
1819 5424 1857 5471 cst
1869 5426 1907 5482 per

315 5512 399 5567 Verlo
415 5510 524 5569 Domini
543 5508 601 5567 eecli
622 5508 719 5579 firnatti
738 5514 811 5561 sant.
834 5504 953 5561 Verbum
974 5504 1074 5571 Patris.
1126 5506 1238 5573 Filium,
1252 5505 1298 5577 qui
1318 5506 1430 5563 verbum
1442 5516 1495 5574 cst,
1508 5508 1577 5564 dltlt
1593 5523 1601 5563 ε
1617 5508 1762 5581 maamad,
1777 5519 1825 5582 per
1836 5508 1909 5577 inps·

274 5604 360 5661 Filius
373 5616 426 5661 ost.
440 5602 506 5661 Geir·
523 5601 619 5675 finnati
633 5610 694 5657 sunt
708 5616 718 5655 .·
732 5596 822 5655 macti
836 5595 954 5669 apostoli
967 5611 1017 5667 per
1031 5597 1072 5667 ip·
1127 5600 1199 5656 riam
1213 5618 1221 5657 ε
1236 5598 1288 5657 ltoc
1301 5602 1354 5667 est,
1371 5597 1606 5659 inenarrabiliter.

274 5714 336 5755 sum
350 5699 377 5754 in
392 5696 456 5755 litlot
478 5696 561 5753 voto
581 5691 687 5749 Danuui
701 5692 759 5749 eroli
773 5690 869 5762 firmi
883 5697 955 5745 tanta
971 5688 998 5745 ln
1014 5690 1077 5761 ipso
1161 5689 1290 5749 Dotttittru
1309 5691 1422 5758 dissipat
1443 5694 1557 5749 masida
1573 5698 1704 5768 perdens.-
1719 5689 1905 5755 murmil-

277 5788 380 5856 Vsrbo.
393 5790 466 5859 onon
481 5796 538 5845 erat
552 5786 579 5841 itt
597 5785 730 5856 ptrioupio
745 5782 818 5856 apud
833 5782 919 5841 Deum
936 5800 943 5839 t
958 5782 1018 5839 sire
1033 5782 1075 5837 ri·
1126 5784 1173 5841 lud
1188 5803 1196 5843 s
1212 5785 1273 5843 llos
1285 5794 1330 5843 est
1341 5786 1497 5853 aemiliam,
1510 5802 1566 5845 aaa
1579 5800 1623 5846 est
1639 5791 1791 5862 mentia,
1808 5798 1856 5847 son
1867 5790 1903 5841 sat

275 5880 370 5937 sibiles
382 5878 456 5949 coli,
469 5880 525 5935 sito
537 5878 655 5951 apastoli
670 5886 736 5937 suut
753 5876 850 5935 creati.
869 5875 952 5933 Vrrlro
966 5876 1074 5933 boniti
1126 5878 1269 5951 sapientia,
1282 5892 1337 5937 noa
1350 5888 1393 5937 est
1406 5879 1539 5939 lortitudo
1550 5892 1647 5942 contra
1657 5879 1837 5961 nemim
1848 5880 1899 5953 tui·
