4000 6334
94 291 165 350 tait
547 308 764 373 instititutis
783 312 817 372 lli
838 312 1005 377 PSALMOS.
1024 318 1148 381 Pssctt
1169 323 1297 386 cxtttt.
1676 342 1747 399 {258

94 425 193 481 enprrum
209 423 237 472 et
258 424 432 477 ascensorem
447 420 546 491 dejecit
570 426 595 481 in
612 443 697 483 mure.
714 428 836 486 Diximus
849 430 894 501 qui
907 430 935 491 A
948 442 1068 490 meritum
1092 437 1199 509 adipem
1222 440 1321 499 imboli
1342 442 1370 501 st
1386 458 1452 518 erpo
1472 448 1637 508 immensum
1652 453 1748 528 adipes

95 514 158 561 aunt
174 508 236 579 oqui
253 509 393 569 :dicamus
404 515 450 585 qui
464 526 528 573 sum
538 521 656 591 equites.
673 522 730 594 Ego
741 532 805 594 puto
813 538 898 594 equus
949 538 1004 582 non
1025 526 1121 599 babet,
1145 538 1175 588 et
1188 534 1361 605 compelleris
1383 541 1547 600 necessitate
1567 544 1748 617 spiritualiter

92 595 218 656 homines
232 615 292 659 csse
309 614 475 676 peccatores,
503 618 531 666 ει
557 612 664 689 equites
686 614 826 671 dromones
850 615 896 683 qui
948 620 1118 694 intelligere,
1142 628 1291 684 secundum
1311 630 1393 687 istum
1418 634 1584 693 uersiculum
1605 650 1633 695 ct
1647 650 1747 699 catera

92 690 215 760 equitant
233 692 259 748 in
271 694 322 750 eis.
345 695 372 753 Si
398 699 507 769 quando
528 716 594 774 erqo
614 704 763 762 viderimus
777 704 895 779 aliquem
947 710 1125 786 intelligenda
1137 728 1211 775 sunt.
1228 720 1336 794 Laudo,
1351 721 1517 800 Jerusalem,
1534 728 1686 789 Dominum.
1702 734 1747 793 le-

92 778 208 839 iratrem
228 796 439 858 persequentem
464 800 492 848 et
517 791 657 852 inimicum
683 812 756 860 csse,
778 798 897 856 sciamus
945 806 1086 879 rusalem,
1109 811 1269 885 oiriupocis.
1284 814 1378 871 Laudo
1393 817 1476 875 Deum
1490 822 1664 891 retunsius.
1679 824 1746 882 Sion

91 872 153 944 quin
168 875 215 932 ille
230 892 315 951 equus
330 888 383 937 est.
396 880 533 942 Gatemm
547 901 632 958 eques
645 888 771 949 diabolus
784 900 837 961 εει,
849 894 895 966 qui
946 900 1053 971 speculo
1065 903 1268 975 intorpretatur.
1282 907 1387 968 videtis
1397 926 1463 984 ergo
1473 914 1537 986 quid
1549 914 1744 991 dicatdnudo,

90 982 139 1023 sua
154 969 249 1029 lancea
264 988 315 1031 nos
331 978 458 1045 percutit.
476 978 530 1036 latu
549 982 647 1051 currit,
662 991 690 1040 et
705 983 752 1040 ille
768 986 893 1057 percutit.
945 987 1115 1064 Jerusalem,
1136 995 1291 1055 Dominum.
1315 1000 1483 1073 Ubicumque
1506 1007 1576 1066 risio
1590 1010 1667 1081 pacis
1685 1022 1744 1081 est,

90 1059 147 1118 Sed
162 1072 189 1119 et
204 1066 261 1136 ipse
279 1081 365 1139 equus
380 1070 533 1130 calcaribus
546 1074 666 1143 ducitur,
682 1077 848 1149 confoditur,
867 1088 896 1137 et
946 1084 1111 1159 ubicumque
1122 1093 1316 1165 contemplatio
1332 1096 1401 1153 Dei:
1417 1097 1455 1155 ibi
1471 1098 1530 1158 laus
1544 1101 1594 1159 Dei
1612 1104 1653 1160 iit.
1670 1105 1742 1163 Lau·

89 1152 193 1212 inuitus
208 1158 319 1217 insanit.
333 1160 390 1217 lice
403 1162 430 1219 in
444 1164 515 1221 tilils
528 1168 576 1223 uiri
589 1168 778 1240 beneplacitum
796 1173 844 1229 erit
859 1176 892 1229 ει.
945 1177 992 1234 (ιιι
1002 1194 1068 1251 erqo
1083 1182 1205 1241 Ecclesia
1212 1186 1371 1258 Dominum,
1383 1190 1491 1263 quando
1500 1195 1616 1266 emporii
1629 1196 1656 1252 in
1666 1198 1743 1256 illum

90 1246 189 1305 Videte
202 1249 269 1321 quid
284 1251 367 1310 dirat.
393 1253 452 1311 Non
471 1256 550 1325 dixit,
576 1257 604 1314 in
630 1262 720 1332 capite
745 1262 795 1318 viri
816 1280 822 1317 τ
840 1278 894 1321 nou
945 1269 1059 1327 erodere
1071 1282 1101 1329 et
1114 1274 1215 1334 trabere
1231 1294 1340 1347 pucem,
1354 1291 1381 1338 et
1396 1285 1511 1355 coeperit
1524 1286 1742 1361 tidercpaoem‚

88 1338 170 1408 dixit,
188 1342 214 1396 in
228 1343 353 1400 matribus
373 1346 424 1402 riri
441 1364 448 1402 ι
463 1347 525 1412 sed,
541 1352 569 1404 iu
584 1350 653 1406 tiliis
668 1368 678 1406 .·
692 1368 752 1422 qum
766 1353 893 1411 deorsum
947 1361 998 1417 lroc
1022 1374 1080 1432 est,
1100 1366 1251 1426 Jerusalem
1266 1372 1400 1431 visionem
1417 1378 1502 1447 pacis.
1524 1377 1576 1447 Qut
1592 1380 1669 1449 prius
1682 1399 1744 1439 eras

88 1444 164 1491 sunt.
179 1434 236 1491 Nec
249 1436 276 1491 in
287 1436 356 1493 tibiis
366 1440 416 1495 oiri
435 1440 624 1514 beneplacitum
638 1444 687 1499 erit
700 1444 734 1500 ei.
750 1444 837 1503 Tibiae
851 1447 895 1503 lrlc
945 1466 1042 1513 servus
1065 1455 1214 1530 idolorum,
1231 1459 1320 1519 luctus
1331 1480 1362 1522 cs
1376 1480 1476 1525 sertus
1494 1469 1552 1526 Dei.
1571 1470 1663 1527 Lauda
1677 1489 1743 1546 crgo

87 1528 160 1583 sictut
174 1535 202 1584 et
218 1528 333 1601 lemora,
351 1545 460 1603 semper
473 1533 501 1590 in
517 1534 629 1593 libidine
643 1538 824 1608 accipiuntur.
841 1539 894 1596 Dc·
945 1546 1327 1619 Deumtuum.Quandtiuero
1340 1560 1459 1629 coeperis
1468 1560 1643 1632 §ambabere
1653 1567 1743 1623 scien-

88 1619 172 1692 nique
187 1629 214 1679 ct
227 1622 254 1679 in
270 1622 399 1683 Eaenlriel
425 1625 499 1685 Deus
518 1628 627 1685 uidetur
646 1645 661 1685 a
686 1630 786 1689 lumbis
808 1647 893 1705 usquc
945 1637 1023 1707 tiam,
1037 1650 1065 1697 ct
1078 1656 1140 1699 csse
1152 1646 1278 1717 specula,
1305 1646 1359 1706 boc
1370 1657 1423 1720 est,
1446 1652 1512 1709 Sion
1529 1670 1536 1709 :
1553 1653 1634 1713 lauda
1650 1657 1742 1715 Domi-

88 1728 212 1784 sursum,
232 1717 366 1775 electrsus
381 1738 388 1777 r
404 1735 420 1777 a
435 1720 538 1780 lumbis
552 1739 639 1796 usquc
651 1723 781 1782 deorsum
797 1727 892 1798 igneus
944 1746 1025 1801 num,
1042 1735 1095 1793 boc
1114 1747 1173 1806 cst,
1190 1749 1218 1797 tu
1235 1739 1313 1798 lauda
1327 1743 1494 1815 ierusalem,
1518 1757 1546 1805 tu
1560 1750 1639 1808 lauda
1654 1753 1719 1810 Sion
1733 1772 1741 1811 ι

88 1808 197 1881 (Euenit.
213 1810 246 1883 ι).
262 1812 291 1869 Si
309 1814 370 1885 quis
384 1831 493 1873 sursum
508 1826 562 1885 εει,
587 1816 652 1875 huic
673 1834 774 1877 aureus
787 1830 829 1878 est
845 1839 852 1876 ι
869 1821 893 1879 si
907 1812 931 1877 B
946 1834 972 1883 tu
988 1827 1180 1889 Ecclesiastim
1195 1834 1296 1902 anima,
1309 1843 1337 1892 tu
1348 1834 1482 1897 necteria.
1494 1839 1553 1898 Non
1564 1843 1676 1901 iaudent
1686 1844 1742 1903 ba-

86 1904 152 1975 quis
165 1904 306 1971 deorsum,
323 1907 388 1964 buic
402 1908 526 1980 gebenna
541 1920 694 1984 praeparata
709 1922 761 1971 est.
790 1913 846 1970 Nec
864 1915 893 1971 in
942 1922 1031 1990 retici,
1046 1938 1100 1981 non
1114 1925 1224 1982 laudent
1237 1926 1400 2002 synagogas,
1415 1932 1463 1989 ssd
1481 1943 1509 1988 tu
1526 1933 1618 1991 lauda.
1629 1936 1743 2006 Quarci

87 1998 157 2056 tibiis
170 2002 218 2056 oiri
231 2002 420 2074 beneplacitum
433 2017 471 2063 ert
485 2009 519 2064 ci.
539 2008 668 2067 Dicamus
682 2011 833 2069 secundum
845 2013 891 2070 lit·
944 2013 1074 2081 Quosdam
1095 2018 1252 2089 confortarit
1270 2038 1341 2077 seror
1362 2031 1499 2094 portorum
1520 2033 1636 2089 tuorum.
1650 2028 1742 2103 Diligit

86 2099 188 2151 teram.
203 2096 337 2166 eronium
352 2098 471 2168 dixerut,
487 2102 549 2159 lion
563 2105 757 2176 infortitudine
776 2109 834 2176 equi
847 2124 893 2164 co·
942 2104 1075 2164 Dominus
1087 2116 1181 2179 portas
1195 2108 1278 2179 Sion,
1301 2118 1489 2184 superomnia
1508 2118 1683 2177 tabernacula
1694 2121 1740 2178 la·

87 2184 214 2243 luntntem
233 2188 348 2260 iubebit,
366 2199 395 2249 et
405 2194 482 2263 quasi
503 2194 663 2253 bellatorem
677 2196 765 2253 uirum
788 2196 892 2256 descri-
941 2198 992 2255 cob
1006 2196 1099 2271 (Ptol.
1115 2202 1244 2271 cxxxvi).
1257 2203 1354 2261 Portas
1367 2206 1433 2263 Sion
1448 2209 1568 2267 diximus
1579 2211 1739 2283 propinatas.

7 2288 9 2296 ⁴
87 2293 183 2354 pserat
199 2300 207 2339 t
223 2284 409 2343 rideturmilri
431 2286 476 2345 hic
498 2289 545 2347 ubi
569 2289 649 2361 dixit,
676 2309 730 2349 riou
752 2294 780 2349 in
804 2294 888 2362 tibiis,
940 2290 1076 2360 qnoniam
1094 2304 1266 2363 erqoportas
1280 2295 1345 2353 Sion
1357 2298 1484 2357 nouimus
1502 2303 1650 2375 propbetas
1663 2305 1738 2363 dici:

85 2387 141 2430 non
155 2385 281 2432 noceurct
298 2376 389 2445 tibias,
404 2379 452 2436 scd
466 2382 662 2456 πιριιειιμιδας.
679 2383 811 2444 Videmus
824 2402 890 2460 ergo
940 2382 1082 2442 uideamus
1091 2386 1217 2457 qtraesint
1226 2402 1295 2446 serm
1309 2400 1459 2461 portarum.
1472 2393 1632 2452 Vmaeenim
1643 2397 1740 2455 Ecde-

86 2466 277 2539 quodcumquc
298 2468 378 2527 tibias
392 2473 495 2530 texerit
509 2488 563 2530 non
581 2474 691 2545 placere
703 2477 770 2547 Deo,
787 2478 835 2536 sed
856 2480 890 2537 il·
939 2474 988 2532 siae
1003 2486 1090 2548 uurlae
1105 2480 1329 2550 propnetasunt.
1351 2483 1418 2541 Siue
1432 2486 1574 2557 propinetis
1588 2488 1738 2548 Ecclesiam

85 2554 133 2613 lud
144 2559 217 2630 quod
231 2574 340 2618 sursum
352 2571 407 2621 est.
422 2563 482 2623 Non
498 2566 589 2637 placet
603 2567 658 2625 Deo
672 2569 701 2626 in
717 2570 888 2642 tortitudine,
939 2570 1046 2641 ingredi
1058 2586 1112 2628 non
1124 2574 1452 2643 possumusllauicbaus
1464 2579 1568 2638 intrare
1581 2582 1669 2639 uoluit
1678 2586 1738 2643 sine

83 2665 139 2709 non
153 2652 241 2723 placet
255 2654 283 2710 in
299 2654 374 2713 tibiis
388 2656 452 2725 uiri,
464 2658 652 2730 piscetautem
668 2662 695 2719 in
715 2664 812 2721 timore
824 2679 887 2723 suo.
939 2663 1047 2732 porris,
1072 2672 1100 2720 et
1113 2680 1168 2721 nou
1188 2665 1311 2725 intravit·
1328 2668 1448 2726 marcion
1471 2686 1527 2728 nou
1550 2674 1646 2745 recipit
1658 2687 1740 2735 vetus

86 2745 182 2803 Virtus
202 2763 256 2805 nun
271 2749 371 2820 placet,
385 2752 466 2811 timor
480 2755 579 2827 placet.
595 2755 745 2815 Bellantem
758 2758 886 2833 destruit,
939 2750 1163 2825 Τθιῑιιιιθιιῑιιῦι»
1178 2764 1208 2813 0¹
1221 2758 1282 2815 ⁸1⁰⁰
1296 2758 1384 2830 li⁰l¹i³
1401 2762 1502 2819 veteris
1522 2763 1691 2824 Τθδιιιιιθιιιί
1710 2766 1739 2825 ln

83 2848 228 2910 rogantem
243 2841 345 2911 eleuat,
361 2844 478 2903 ltumilcs
499 2847 614 2917 exaltat,
637 2850 770 2921 superbos
784 2849 885 2923 delicit.
939 2844 1118 2920 evangelium
1134 2850 1237 2908 intrare
1255 2867 1310 2909 ¹¹⁰⁰
1325 2853 1424 2924 potuit.
1439 2855 1494 2912 N⁰⁸
1507 2872 1574 2930 erqo
1587 2862 1737 2933 ιθῦὶιιῑιιιιιι

120 2929 319 3005 Beneplucitum
330 2944 367 2991 est
377 2933 434 2993 Deo
446 2955 524 3011 super
539 2940 656 2997 timenter
678 2958 747 2999 eunt.
765 2942 842 3001 Unus
857 2945 889 3001 ti·
939 2948 1032 3011 Ρθιῑιδ
1049 2942 1207 3014 illimis
1222 2951 1252 3001 θῑ
1266 2960 1314 3017 per
1328 2957 1421 3017 D⁰l¹⁸⁸
1432 2948 1610 3022 ingredimur.
1625 2954 1680 3013 Sed
1694 2956 1737 3013 li·

82 3038 144 3081 mor
156 3025 248 3096 plnres
262 3026 373 3086 timores
383 3029 663 3104 projicitllcliusest
675 3049 759 3092 ununr
775 3038 885 3106 timere,
937 3036 1052 3092 dcamus
1065 3050 1127 3107 quse
1151 3038 1207 3094 sint
1224 3054 1296 3097 sere
1318 3052 1470 3112 portarum.
1485 3046 1563 3104 llulti
1587 3048 1736 3122 latrones,

82 3126 114 3176 ut
128 3119 286 3191 pluresnon
301 3123 399 3180 timeas
416 3141 423 3181 r
438 3140 519 3196 quam
533 3127 626 3197 piures
636 3128 747 3198 timere,
763 3138 885 3187 utunum
938 3130 1018 3186 multi
1040 3130 1113 3187 iures
1127 3133 1239 3204 eupiunt
1260 3134 1364 3193 intrare
1378 3152 1427 3209 per
1446 3150 1549 3211 portas.
1571 3138 1673 3199 Dmncs
1691 3145 1739 3215 qui

83 3227 140 3269 non
160 3214 266 3271 timeus.
283 3212 319 3269 lit
333 3214 362 3270 in
377 3216 413 3271 eia
426 3218 592 3291 quisperant
611 3236 691 3293 super
705 3222 885 3278 misericordia
898 3203 922 3271 C
936 3232 1201 3298 antemcuencrunt,
1214 3228 1288 3287 iures
1302 3231 1445 3289 bueruntct
1456 3234 1577 3293 latrones
1590 3235 1735 3311 (loom).

82 3308 151 3380 ejus.
163 3304 283 3377 Sperunt
307 3322 361 3365 nun
385 3310 411 3365 in
427 3311 556 3382 operibus
570 3312 647 3382 suis,
672 3313 762 3372 sedin
778 3316 885 3373 miseri·
935 3315 995 3373 Dsi
1009 3328 1037 3375 et
1049 3318 1116 3375 mibi
1127 3322 1291 3379 concederet
1309 3322 1457 3397 Dominus,
1478 3335 1508 3384 ut
1525 3344 1586 3387 sera
1599 3342 1688 3388 essem
1701 3332 1737 3388 de

83 3397 179 3456 cordia
192 3398 298 3471 iudicii.
315 3400 439 3461 Laudato
458 3402 624 3475 Dominum,
641 3405 769 3479 quoniam
783 3408 885 3467 bonum
935 3410 1099 3483 portisstnn
1111 3414 1118 3468 l
1132 3412 1162 3471 tii
1175 3416 1237 3485 quis
1249 3415 1443 3475 hereticorum
1457 3434 1506 3492 per
1519 3421 1582 3479 iilas
1596 3423 1628 3486 in
1639 3423 1733 3481 Dran·

83 3502 126 3550 est
141 3492 265 3565 psalmus
279 3512 286 3549 ε
298 3485 427 3567 'tptrnniant
443 3498 489 3571 qui
504 3510 616 3571 sperant
629 3516 712 3573 super
727 3504 883 3562 misericor·
934 3504 999 3576 petii
1014 3505 1221 3578 dispositionem
1236 3510 1319 3567 uellet
1331 3512 1434 3571 intrare
1444 3533 1451 3571 :
1463 3529 1515 3586 eqo
1525 3524 1624 3573 starem
1635 3518 1661 3573 in
1674 3532 1736 3589 por-

82 3588 127 3645 dia
140 3590 213 3661 ejus,
228 3591 285 3649 sula
299 3592 453 3651 saluatione
472 3604 616 3655 sanantur.
631 3596 682 3655 Cui
696 3606 741 3657 est
752 3600 841 3673 gloria
857 3601 883 3657 in
936 3598 988 3668 tis,
1011 3608 1039 3657 et
1052 3601 1228 3671 prohiberem
1240 3602 1327 3660 illum.
1346 3606 1476 3673 Quoniam
1491 3610 1649 3680 confortarit
1662 3626 1735 3667 serua

82 3681 185 3739 saccula
198 3667 373 3741 seculorum.
388 3685 486 3743 nmen.
935 3700 1073 3763 portorum
1087 3702 1203 3750 turum.
1228 3694 1267 3751 Da
1286 3696 1354 3753 mibi
1376 3700 1496 3771 aliquem
1517 3702 1735 3761 ecclesiasticum

333 3776 497 3837 usitatus
511 3777 641 3837 cxlvii.
934 3786 1036 3856 virum,
1051 3787 1203 3861 scripturis
1213 3790 1375 3847 coelcstibus
1384 3792 1565 3864 eruditum,si
1579 3795 1679 3852 viderit
1688 3812 1736 3855 re·

118 3866 225 3936 Laudo,
242 3868 400 3943 leruroiem,
416 3873 555 3931 Dominum
570 3891 579 3931 .·
592 3874 674 3931 ιεειιει
688 3873 773 3932 Deum
788 3886 882 3948 tuum,
935 3880 994 3935 nire
1008 3878 1183 3948 Eunomium,
1197 3882 1293 3940 venire
1304 3882 1399 3939 Arium
1412 3924 1421 3949 ,
1434 3885 1507 3942 uelle
1520 3885 1619 3944 tollere
1631 3887 1736 3960 aliquid

83 3960 161 4017 Sion.
186 3960 267 4019 liudo
279 3964 436 4023 audivimus
457 3976 582 4023 sanctum
600 3968 764 4039 proplietam
787 3969 882 4041 pracli·
935 3969 969 4029 de
990 3972 1133 4045 prophetis
1155 3983 1252 4031 eontra
1266 3988 1317 4031 nus
1332 3993 1339 4031 :
1355 3990 1447 4033 nonne
1467 3987 1524 4035 stat
1546 3980 1625 4051 quasi
1647 3982 1736 4037 serat

81 4063 193 4111 cantem
213 4065 325 4128 propter
343 4060 594 4128 praevaricationem
609 4060 677 4133 legis
691 4062 822 4133 populum
836 4060 884 4118 lu·
935 4078 1027 4123 nonno
1046 4066 1133 4124 uincit
1144 4067 1223 4139 quasi
1238 4066 1323 4124 scrai
1347 4058 1478 4136 Quonioni
1491 4072 1647 4142 confortarit
1660 4087 1748 4159 serm¹

82 4144 194 4202 daicum
210 4160 272 4205 εεεε
284 4147 440 4219 desertum,
455 4158 484 4209 et
504 4153 641 4223 quomodo
663 4168 736 4209 nunu
758 4154 882 4211 dicitur:
934 4168 1071 4233 portuum
1099 4167 1215 4216 tuorum.
1245 4159 1364 4217 Pulchre
1385 4162 1473 4230 dixit,
1499 4163 1656 4234 confortarit
1674 4179 1683 4218 :
1704 4173 1735 4220 ut

83 4238 200 4308 Laudo,
222 4239 389 4314 immolem,
413 4244 575 4304 bornicum:
593 4246 675 4304 luudn
688 4248 769 4305 Deum
788 4256 881 4319 tuum,
934 4252 1045 4326 quando
1063 4251 1165 4309 rideris
1184 4253 1274 4308 uirum
1296 4252 1514 4311 ecclesiasticum
1529 4254 1734 4328 disputantem,

83 4332 162 4389 sion.
191 4332 297 4393 Deinde
314 4338 380 4409 quid
395 4340 543 4411 sequitur?
935 4359 989 4401 non
1006 4350 1084 4416 putes
1097 4343 1173 4400 iilum
1186 4356 1249 4401 esse
1259 4345 1305 4417 qni
1316 4344 1450 4416 disputat,
1463 4345 1512 4403 scd
1525 4347 1572 4418 qui
1597 4346 1735 4405 conlnrtat

122 4424 253 4495 Quoniam
274 4434 431 4504 confortarit
445 4450 517 4491 seror
531 4443 666 4507 portorum
680 4444 795 4492 tuorum.
809 4435 884 4509 Ergo
935 4437 1160 4495 ecclesiasticum.
1191 4434 1226 4491 ιιι
1250 4436 1330 4506 udipe
1354 4437 1478 4508 lamenti
1504 4438 1583 4493 rutiot
1607 4446 1642 4494 ιε.
1656 4436 1733 4511 Nisi,

83 4519 120 4577 de
142 4521 194 4577 istu
218 4524 368 4581 Jerusalem
393 4527 533 4600 loquitur,
559 4528 593 4587 de
618 4529 670 4586 ista
697 4529 764 4587 Sion
781 4548 789 4587 z
804 4529 885 4586 laudo
935 4530 1035 4602 inquit,
1049 4544 1164 4603 prunum
1178 4526 1261 4586 tritici
1274 4527 1415 4600 ceciderit,
1432 4530 1736 4599 ipsumsulumsalrum

82 4610 171 4667 Deum
185 4622 270 4684 tuuru,
285 4615 361 4673 Sion.
379 4616 491 4687 Quare?
507 4621 638 4689 Quoniam
647 4624 802 4695 confortarit
814 4640 885 4681 seror
897 4626 925 4692 1)
937 4624 990 4683 erit
1004 4621 1113 4698 (loom,
1129 4636 1167 4678 ιιι
1176 4620 1198 4696 ).
1213 4620 1244 4678 Si
1259 4630 1350 4677 autem
1365 4621 1455 4693 ipsum
1470 4621 1610 4691 ceciderit,
1634 4628 1734 4681 multos

82 4716 222 4778 portorum
235 4718 351 4767 tuorum.
367 4710 427 4768 lion
441 4720 505 4769 sunt
520 4724 616 4785 purtre,
626 4722 654 4771 et
668 4716 805 4787 quomodo
816 4730 885 4773 seras
938 4718 1029 4776 salros
1042 4716 1115 4773 lacit.
1133 4716 1265 4773 Dominus
1274 4724 1368 4772 noster
1378 4730 1493 4787 qnnum
1505 4715 1622 4773 triticiin
1634 4723 1736 4773 terram

83 4800 170 4857 natvm
183 4804 265 4859 sunti
277 4803 416 4863 Benediuit
430 4808 501 4879 tilios
512 4815 570 4865 tuos
585 4809 613 4864 in
630 4818 663 4865 tc.
678 4810 822 4878 Quomodo
837 4812 885 4869 be·
939 4810 1049 4875 cecidit,
1064 4818 1093 4867 et
1106 4823 1156 4865 nos
1168 4807 1372 4881 multiplicarit.
1387 4808 1442 4866 Sed
1461 4808 1536 4868 istud
1547 4808 1737 4913 pranumllru-

82 4894 209 4965 nedixit,
230 4898 277 4969 qui
291 4896 374 4956 dixit:
397 4900 578 4975 Relinquetur
592 4902 669 4961 tobis
682 4905 782 4963 domus
793 4915 884 4963 restra
939 4904 1026 4971 menti
1036 4899 1241 4973 pinguissimum
1257 4909 1319 4967 est,
1344 4901 1493 4961 medullam
1508 4901 1609 4969 babet,
1629 4901 1739 4972 adipem

81 4986 194 5044 deserta
206 4986 288 5059 (Luc.
301 4989 384 5065 nutrit
613 5018 623 5037 ο
939 4993 1032 5051 babet.
1058 4992 1092 5049 ιιι
1111 4992 1189 5065 adips
1208 4993 1332 5065 immenti
1348 4994 1427 5051 cutim
1447 5005 1481 5052 tr.
1497 4992 1574 5049 Felix
1588 4994 1691 5064 estqui
1711 4994 1740 5051 in

121 5083 175 5152 Qut
189 5086 276 5156 poreq
294 5088 360 5159 fines
379 5098 437 5145 ruo,
459 5104 559 5165 pacm,
579 5088 630 5148 Usi
651 5092 883 5165 paxperiisse,
940 5087 1078 5145 frumento
1097 5085 1153 5142 isto
1176 5085 1285 5157 adipem
1307 5085 1448 5159 intelligit.
1472 5083 1603 5190 chinrus
1629 5098 1741 5143 sanctas

79 5188 147 5247 quse
163 5176 236 5234 bello
248 5178 379 5237 strbtersu
394 5180 457 5238 esti
472 5178 508 5235 Et
527 5180 606 5255 adipe
619 5182 743 5253 frumenti
757 5184 837 5240 rotiut
850 5192 886 5239 ιε.
940 5178 1106 5249 Scriptores.
1132 5176 1191 5251 liqo
1204 5176 1219 5218 ι
1230 5194 1332 5252 corpus
1350 5178 1434 5248 1³⁵⁰,
1454 5178 1633 5250 evangelium
1658 5188 1741 5251 putor

80 5264 265 5327 Frumentum
273 5269 381 5343 adipem
391 5270 495 5329 habeti
508 5270 645 5343 otuoae,
661 5274 887 5346 respondem.
945 5280 1056 5335 sanctas
1067 5270 1235 5344 Scripturas,
1253 5282 1321 5347 puto
1333 5272 1486 5330 doctrinam
1498 5271 1570 5341 ejus.
1586 5271 1621 5328 Et
1634 5275 1744 5344 quando

122 5441 239 5500 ‘immo
260 5458 327 5503 nero
353 5446 434 5504 tibias
458 5448 543 5521 ipsas,
570 5452 667 5523 sulpur
693 5462 813 5521 nempe,
840 5462 903 5525 non⁸
950 5458 1084 5520 tamquors
1106 5448 1142 5503 ud
1157 5447 1339 5504 emnam-lem
1353 5446 1463 5504 dimoti.
1479 5446 1548 5505 lide
1570 5448 1747 5548 ettilement

81 5519 587 5605 ocreas,scunrpimnpiierinmlllpi
613 5528 781 5593 upusestcx
796 5520 895 5605 Draco
948 5519 1084 5603 Alexand.
1111 5519 1255 5619 Paedopl.
1271 5534 1292 5588 ι,
1308 5534 1334 5574 ε.
1350 5521 1385 5602 o,
1411 5520 1555 5592 Drrqenem
1578 5536 1605 5576 ιιι
1632 5521 1746 5582 Letum.

82 5592 182 5649 textu,
208 5595 237 5643 et
272 5587 383 5645 Petrum
409 5591 647 5664 interpretatione.
676 5593 838 5649 Ambrosius
868 5610 896 5650 un
950 5590 1047 5648 homil.
1060 5592 1088 5660 ι,
1103 5604 1129 5647 ε.
1152 5590 1204 5657 tu,
1224 5590 1327 5645 Euscb.
1354 5588 1403 5646 ιιι).
1433 5590 1616 5675 ιιιτιιιεειος.
1640 5594 1748 5653 Decies.

82 5654 208 5712 Psalter.
223 5656 305 5716 babet
318 5662 345 5717 in
356 5662 502 5719 tibialibus.
951 5673 1047 5718 eontra
1057 5660 1216 5717 llurccllum
1225 5662 1414 5733 ancyranum.
1424 5660 1478 5718 Ain
1487 5662 1551 5718 iibri
1562 5661 1749 5733 babentcor·

122 5725 212 5784 ¹‘litte
233 5730 306 5787 reler
329 5734 556 5805 interpolatorem
588 5735 735 5809 ignatianae
757 5736 849 5821 epist..
862 5735 897 5793 ad
952 5750 1002 5806 pus
1016 5731 1123 5802 Consti,
1138 5745 1188 5804 pro
1201 5729 1279 5790 lesu.

81 5795 126 5856 Plu
135 5797 391 5873 ilndelpbcuos,ubi
403 5820 434 5863 sc
447 5808 494 5874 ait,
504 5806 659 5881 coningere
674 5808 708 5865 ad
719 5808 898 5881 Erunqelxum

230 5893 369 5961 Parnon.
391 5896 511 5963 XXVI.
1157 6013 1160 6019 Ι
1447 5900 1489 5964 ιιι)
