<?xml version="1.0" encoding="UTF-8"?>
<!DOCTYPE html PUBLIC "-//W3C//DTD XHTML 1.0 Transitional//EN"
    "http://www.w3.org/TR/xhtml1/DTD/xhtml1-transitional.dtd">
<html xmlns="http://www.w3.org/1999/xhtml" xml:lang="en" lang="en">
 <head>
  <title>
</title>
<meta http-equiv="Content-Type" content="text/html;charset=utf-8" />
  <meta name='ocr-system' content='tesseract 3.04.00' />
  <meta name='ocr-capabilities' content='ocr_page ocr_carea ocr_par ocr_line ocrx_word'/>
</head>
<body>
  <div class='ocr_page' id='page_1' title='image "./patrologiaecurs240unkngoog/patrologiaecurs240unkngoog_0258.png"; bbox 0 0 4000 6334; ppageno 0'>
   <div class='ocr_carea' id='block_1_1' title="bbox 230 328 1878 395">
    <p class='ocr_par' dir='ltr' id='par_1_1' title="bbox 230 328 1878 395">
     <span class='ocr_line' id='line_1_1' title="bbox 230 328 1878 395; baseline 0.001 -4"><span class='ocrx_word' id='word_1_1' title='bbox 230 332 286 392; x_wconf 74' lang='lat' dir='ltr'><strong>tut</strong></span> <span class='ocrx_word' id='word_1_2' title='bbox 864 335 896 394; x_wconf 80' lang='grc'><strong>8.</strong></span> <span class='ocrx_word' id='word_1_3' title='bbox 915 331 1050 393; x_wconf 79' lang='lat' dir='ltr'><strong>EUSEBli</strong></span> <span class='ocrx_word' id='word_1_4' title='bbox 1069 333 1260 395; x_wconf 75' lang='lat' dir='ltr'><strong>lllEilONihss</strong></span> <span class='ocrx_word' id='word_1_5' title='bbox 1823 328 1878 392; x_wconf 66' lang='grc'><strong>504</strong></span> 
     </span>
    </p>
   </div>
   <div class='ocr_carea' id='block_1_2' title="bbox 229 449 1894 5012">
    <p class='ocr_par' dir='ltr' id='par_1_2' title="bbox 231 449 1880 615">
     <span class='ocr_line' id='line_1_2' title="bbox 231 449 1880 526; baseline 0.002 -21"><span class='ocrx_word' id='word_1_6' title='bbox 231 455 326 518; x_wconf 79' lang='lat' dir='ltr'><strong>partes</strong></span> <span class='ocrx_word' id='word_1_7' title='bbox 339 462 441 522; x_wconf 91' lang='lat' dir='ltr'><strong>corpus</strong></span> <span class='ocrx_word' id='word_1_8' title='bbox 455 458 580 523; x_wconf 90' lang='lat' dir='ltr'><strong>augetur,</strong></span> <span class='ocrx_word' id='word_1_9' title='bbox 601 459 696 508; x_wconf 85' lang='lat' dir='ltr'><strong>mutua</strong></span> <span class='ocrx_word' id='word_1_10' title='bbox 711 450 739 506; x_wconf 93' lang='lat' dir='ltr'><strong>in</strong></span> <span class='ocrx_word' id='word_1_11' title='bbox 754 463 785 507; x_wconf 91' lang='lat' dir='ltr'><strong>se</strong></span> <span class='ocrx_word' id='word_1_12' title='bbox 801 449 937 508; x_wconf 89' lang='lat' dir='ltr'><strong>charitate</strong></span> <span class='ocrx_word' id='word_1_13' title='bbox 951 464 1031 507; x_wconf 89' lang='lat' dir='ltr'><strong>com·</strong></span> <span class='ocrx_word' id='word_1_14' title='bbox 1043 452 1071 512; x_wconf 79' lang='grc' dir='ltr'><strong>Δ</strong></span> <span class='ocrx_word' id='word_1_15' title='bbox 1085 450 1161 519; x_wconf 83' lang='lat' dir='ltr'><strong>brim,</strong></span> <span class='ocrx_word' id='word_1_16' title='bbox 1176 450 1338 524; x_wconf 91' lang='lat' dir='ltr'><strong>quibusdam</strong></span> <span class='ocrx_word' id='word_1_17' title='bbox 1353 453 1433 526; x_wconf 88' lang='lat' dir='ltr'><strong>quasi</strong></span> <span class='ocrx_word' id='word_1_18' title='bbox 1446 452 1582 522; x_wconf 88' lang='lat' dir='ltr'><strong>sentibus,</strong></span> <span class='ocrx_word' id='word_1_19' title='bbox 1597 453 1840 512; x_wconf 84' lang='lat' dir='ltr'><strong>orationissensus</strong></span> <span class='ocrx_word' id='word_1_20' title='bbox 1852 459 1880 510; x_wconf 89' lang='lat' dir='ltr'><strong>et</strong></span> 
     </span>
     <span class='ocr_line' id='line_1_3' title="bbox 232 541 1398 615; baseline 0.004 -17"><span class='ocrx_word' id='word_1_21' title='bbox 232 541 363 613; x_wconf 91' lang='lat' dir='ltr'><strong>plebitur.</strong></span> <span class='ocrx_word' id='word_1_22' title='bbox 385 543 469 601; x_wconf 73' lang='lat' dir='ltr'><strong>&#39;listas</strong></span> <span class='ocrx_word' id='word_1_23' title='bbox 481 543 657 602; x_wconf 79' lang='lat' dir='ltr'><strong>rationabiles</strong></span> <span class='ocrx_word' id='word_1_24' title='bbox 671 551 812 602; x_wconf 85' lang='lat' dir='ltr'><strong>creaturas</strong></span> <span class='ocrx_word' id='word_1_25' title='bbox 827 547 879 602; x_wconf 91' lang='lat' dir='ltr'><strong>sub</strong></span> <span class='ocrx_word' id='word_1_26' title='bbox 892 546 973 602; x_wconf 91' lang='lat' dir='ltr'><strong>unius</strong></span> <span class='ocrx_word' id='word_1_27' title='bbox 984 559 1030 602; x_wconf 91' lang='lat' dir='ltr'><strong>ra·</strong></span> <span class='ocrx_word' id='word_1_28' title='bbox 1081 545 1204 615; x_wconf 88' lang='lat' dir='ltr'><strong>germina</strong></span> <span class='ocrx_word' id='word_1_29' title='bbox 1218 543 1398 603; x_wconf 73' lang='lat' dir='ltr'><strong>suffocantur.</strong></span> 
     </span>
    </p>

    <p class='ocr_par' dir='ltr' id='par_1_3' title="bbox 229 635 1894 5012">
     <span class='ocr_line' id='line_1_4' title="bbox 231 635 1880 714; baseline 0.002 -22"><span class='ocrx_word' id='word_1_30' title='bbox 231 637 372 695; x_wconf 89' lang='lat' dir='ltr'><strong>tionabilis</strong></span> <span class='ocrx_word' id='word_1_31' title='bbox 393 640 520 696; x_wconf 88' lang='lat' dir='ltr'><strong>animalis</strong></span> <span class='ocrx_word' id='word_1_32' title='bbox 541 639 728 712; x_wconf 68' lang='lat' dir='ltr'><strong>intelligamus</strong></span> <span class='ocrx_word' id='word_1_33' title='bbox 741 640 884 712; x_wconf 83' lang='lat' dir='ltr'><strong>exemplo,</strong></span> <span class='ocrx_word' id='word_1_34' title='bbox 905 648 933 698; x_wconf 94' lang='lat' dir='ltr'><strong>et</strong></span> <span class='ocrx_word' id='word_1_35' title='bbox 944 639 1032 713; x_wconf 90' lang='lat' dir='ltr'><strong>quod-</strong></span> <span class='ocrx_word' id='word_1_36' title='bbox 1117 635 1210 710; x_wconf 76' lang='lat' dir='ltr'><strong>(Vere.</strong></span> <span class='ocrx_word' id='word_1_37' title='bbox 1225 638 1260 694; x_wconf 84' lang='lat' dir='ltr'><strong>ll</strong></span> <span class='ocrx_word' id='word_1_38' title='bbox 1274 639 1365 712; x_wconf 88' lang='lat' dir='ltr'><strong>seqq.)</strong></span> <span class='ocrx_word' id='word_1_39' title='bbox 1381 638 1441 696; x_wconf 82' lang='lat' dir='ltr'><strong>Hoc</strong></span> <span class='ocrx_word' id='word_1_40' title='bbox 1452 655 1513 714; x_wconf 86' lang='lat' dir='ltr'><strong>erpo</strong></span> <span class='ocrx_word' id='word_1_41' title='bbox 1528 641 1597 709; x_wconf 85' lang='lat' dir='ltr'><strong>dico,</strong></span> <span class='ocrx_word' id='word_1_42' title='bbox 1608 649 1634 698; x_wconf 89' lang='lat' dir='ltr'><strong>et</strong></span> <span class='ocrx_word' id='word_1_43' title='bbox 1644 643 1813 699; x_wconf 77' lang='lat' dir='ltr'><strong>centenaria</strong></span> <span class='ocrx_word' id='word_1_44' title='bbox 1824 639 1880 697; x_wconf 79' lang='lat' dir='ltr'><strong>llo·</strong></span> 
     </span>
     <span class='ocr_line' id='line_1_5' title="bbox 232 730 1880 809; baseline 0 -21"><span class='ocrx_word' id='word_1_45' title='bbox 232 746 352 805; x_wconf 89' lang='lat' dir='ltr'><strong>cumque</strong></span> <span class='ocrx_word' id='word_1_46' title='bbox 373 731 408 789; x_wconf 95' lang='lat' dir='ltr'><strong>de</strong></span> <span class='ocrx_word' id='word_1_47' title='bbox 429 731 511 802; x_wconf 84' lang='lat' dir='ltr'><strong>hujus</strong></span> <span class='ocrx_word' id='word_1_48' title='bbox 535 733 665 790; x_wconf 90' lang='lat' dir='ltr'><strong>membris</strong></span> <span class='ocrx_word' id='word_1_49' title='bbox 684 732 834 789; x_wconf 80' lang='lat' dir='ltr'>dixerimus</span> <span class='ocrx_word' id='word_1_50' title='bbox 849 743 877 789; x_wconf 91' lang='lat' dir='ltr'><strong>et</strong></span> <span class='ocrx_word' id='word_1_51' title='bbox 891 732 1028 804; x_wconf 88' lang='lat' dir='ltr'><strong>partibus,</strong></span> <span class='ocrx_word' id='word_1_52' title='bbox 1082 730 1170 799; x_wconf 73' lang='lat' dir='ltr'><strong>mitto,</strong></span> <span class='ocrx_word' id='word_1_53' title='bbox 1191 740 1219 785; x_wconf 81' lang='grc' dir='ltr'><strong>ιιι</strong></span> <span class='ocrx_word' id='word_1_54' title='bbox 1234 747 1286 786; x_wconf 83' lang='lat' dir='ltr'><strong>nott</strong></span> <span class='ocrx_word' id='word_1_55' title='bbox 1299 731 1413 802; x_wconf 84' lang='lat' dir='ltr'><strong>emplius</strong></span> <span class='ocrx_word' id='word_1_56' title='bbox 1425 732 1580 801; x_wconf 79' lang='lat' dir='ltr'><strong>ambuletis,</strong></span> <span class='ocrx_word' id='word_1_57' title='bbox 1599 734 1666 790; x_wconf 77' lang='lat' dir='ltr'><strong>dest</strong></span> <span class='ocrx_word' id='word_1_58' title='bbox 1680 745 1705 790; x_wconf 90' lang='lat' dir='ltr'><strong>et</strong></span> <span class='ocrx_word' id='word_1_59' title='bbox 1717 743 1808 809; x_wconf 82' lang='lat' dir='ltr'><strong>pentes</strong></span> <span class='ocrx_word' id='word_1_60' title='bbox 1821 749 1880 788; x_wconf 82' lang='lat' dir='ltr'><strong>cnr·</strong></span> 
     </span>
     <span class='ocr_line' id='line_1_6' title="bbox 232 820 1881 898; baseline 0.001 -19"><span class='ocrx_word' id='word_1_61' title='bbox 232 822 287 881; x_wconf 90' lang='lat' dir='ltr'><strong>hac</strong></span> <span class='ocrx_word' id='word_1_62' title='bbox 302 825 420 881; x_wconf 90' lang='lat' dir='ltr'><strong>sciamus</strong></span> <span class='ocrx_word' id='word_1_63' title='bbox 433 839 497 882; x_wconf 90' lang='lat' dir='ltr'><strong>csse</strong></span> <span class='ocrx_word' id='word_1_64' title='bbox 510 824 685 882; x_wconf 88' lang='lat' dir='ltr'><strong>relerendum</strong></span> <span class='ocrx_word' id='word_1_65' title='bbox 706 824 740 882; x_wconf 85' lang='lat' dir='ltr'><strong>ad</strong></span> <span class='ocrx_word' id='word_1_66' title='bbox 755 839 974 898; x_wconf 77' lang='lat' dir='ltr'><strong>unamquamque</strong></span> <span class='ocrx_word' id='word_1_67' title='bbox 988 841 1030 881; x_wconf 89' lang='lat' dir='ltr'><strong>ra·</strong></span> <span class='ocrx_word' id='word_1_68' title='bbox 1082 820 1174 876; x_wconf 80' lang='lat' dir='ltr'><strong>bolant</strong></span> <span class='ocrx_word' id='word_1_69' title='bbox 1187 824 1215 877; x_wconf 90' lang='lat' dir='ltr'><strong>in</strong></span> <span class='ocrx_word' id='word_1_70' title='bbox 1228 824 1445 882; x_wconf 85' lang='lat' dir='ltr'><strong>ueritatesentsts</strong></span> <span class='ocrx_word' id='word_1_71' title='bbox 1458 827 1512 895; x_wconf 83' lang='lat' dir='ltr'><strong>ssi,</strong></span> <span class='ocrx_word' id='word_1_72' title='bbox 1528 826 1660 884; x_wconf 81' lang='lat' dir='ltr'><strong>obscurati</strong></span> <span class='ocrx_word' id='word_1_73' title='bbox 1674 837 1769 893; x_wconf 86' lang='lat' dir='ltr'><strong>ntetrte,</strong></span> <span class='ocrx_word' id='word_1_74' title='bbox 1780 825 1881 882; x_wconf 83' lang='lat' dir='ltr'><strong>chalie-</strong></span> 
     </span>
     <span class='ocr_line' id='line_1_7' title="bbox 231 915 1879 992; baseline 0.002 -21"><span class='ocrx_word' id='word_1_75' title='bbox 231 916 391 975; x_wconf 87' lang='lat' dir='ltr'><strong>tionabilem</strong></span> <span class='ocrx_word' id='word_1_76' title='bbox 407 925 572 975; x_wconf 87' lang='lat' dir='ltr'><strong>creaturam.</strong></span> <span class='ocrx_word' id='word_1_77' title='bbox 596 917 729 975; x_wconf 87' lang='lat' dir='ltr'><strong>Putemus</strong></span> <span class='ocrx_word' id='word_1_78' title='bbox 742 917 794 975; x_wconf 92' lang='lat' dir='ltr'><strong>hoc</strong></span> <span class='ocrx_word' id='word_1_79' title='bbox 814 919 915 975; x_wconf 86' lang='lat' dir='ltr'><strong>animal</strong></span> <span class='ocrx_word' id='word_1_80' title='bbox 930 919 967 974; x_wconf 87' lang='lat' dir='ltr'><strong>its</strong></span> <span class='ocrx_word' id='word_1_81' title='bbox 982 933 1031 989; x_wconf 89' lang='lat' dir='ltr'><strong>per</strong></span> <span class='ocrx_word' id='word_1_82' title='bbox 1082 917 1137 971; x_wconf 87' lang='lat' dir='ltr'><strong>neti</strong></span> <span class='ocrx_word' id='word_1_83' title='bbox 1157 917 1228 973; x_wconf 87' lang='lat' dir='ltr'><strong>cuin</strong></span> <span class='ocrx_word' id='word_1_84' title='bbox 1245 915 1296 972; x_wconf 79' lang='lat' dir='ltr'><strong>ilci</strong></span> <span class='ocrx_word' id='word_1_85' title='bbox 1309 928 1414 992; x_wconf 85' lang='lat' dir='ltr'><strong>propter</strong></span> <span class='ocrx_word' id='word_1_86' title='bbox 1428 920 1624 992; x_wconf 83' lang='lat' dir='ltr'><strong>ignorantiam,</strong></span> <span class='ocrx_word' id='word_1_87' title='bbox 1650 935 1710 992; x_wconf 78' lang='lat' dir='ltr'><strong>quae</strong></span> <span class='ocrx_word' id='word_1_88' title='bbox 1720 928 1760 976; x_wconf 86' lang='lat' dir='ltr'><strong>est</strong></span> <span class='ocrx_word' id='word_1_89' title='bbox 1775 919 1879 988; x_wconf 84' lang='lat' dir='ltr'><strong>inillis,</strong></span> 
     </span>
     <span class='ocr_line' id='line_1_8' title="bbox 231 1011 1883 1088; baseline 0.004 -26"><span class='ocrx_word' id='word_1_90' title='bbox 231 1018 329 1074; x_wconf 88' lang='lat' dir='ltr'><strong>artus,</strong></span> <span class='ocrx_word' id='word_1_91' title='bbox 347 1024 453 1078; x_wconf 84' lang='lat' dir='ltr'><strong>uersas,</strong></span> <span class='ocrx_word' id='word_1_92' title='bbox 468 1025 622 1082; x_wconf 91' lang='lat' dir='ltr'><strong>carnesque</strong></span> <span class='ocrx_word' id='word_1_93' title='bbox 644 1012 793 1068; x_wconf 86' lang='lat' dir='ltr'><strong>laceratum</strong></span> <span class='ocrx_word' id='word_1_94' title='bbox 807 1051 816 1078; x_wconf 99' lang='lat'><strong>,</strong></span> <span class='ocrx_word' id='word_1_95' title='bbox 830 1019 860 1067; x_wconf 92' lang='lat' dir='ltr'><strong>ut</strong></span> <span class='ocrx_word' id='word_1_96' title='bbox 871 1027 922 1068; x_wconf 89' lang='lat' dir='ltr'><strong>nec</strong></span> <span class='ocrx_word' id='word_1_97' title='bbox 932 1026 965 1068; x_wconf 91' lang='lat' dir='ltr'><strong>os</strong></span> <span class='ocrx_word' id='word_1_98' title='bbox 974 1011 1030 1068; x_wconf 89' lang='lat' dir='ltr'><strong>assi</strong></span> <span class='ocrx_word' id='word_1_99' title='bbox 1081 1020 1187 1083; x_wconf 83' lang='lat' dir='ltr'><strong>propter</strong></span> <span class='ocrx_word' id='word_1_100' title='bbox 1200 1013 1343 1068; x_wconf 81' lang='lat' dir='ltr'><strong>cecitatem</strong></span> <span class='ocrx_word' id='word_1_101' title='bbox 1357 1013 1555 1070; x_wconf 86' lang='lat' dir='ltr'><strong>cardiacorum.</strong></span> <span class='ocrx_word' id='word_1_102' title='bbox 1578 1013 1630 1083; x_wconf 79' lang='lat' dir='ltr'><strong>Qui</strong></span> <span class='ocrx_word' id='word_1_103' title='bbox 1644 1013 1831 1088; x_wconf 80' lang='lat' dir='ltr'><strong>desperantes,</strong></span> <span class='ocrx_word' id='word_1_104' title='bbox 1842 1029 1883 1069; x_wconf 86' lang='lat' dir='ltr'><strong>se·</strong></span> 
     </span>
     <span class='ocr_line' id='line_1_9' title="bbox 233 1102 1882 1178; baseline 0.002 -22"><span class='ocrx_word' id='word_1_105' title='bbox 233 1102 346 1166; x_wconf 81' lang='lat' dir='ltr'><strong>ltaereat,</strong></span> <span class='ocrx_word' id='word_1_106' title='bbox 363 1118 414 1159; x_wconf 93' lang='lat' dir='ltr'><strong>nec</strong></span> <span class='ocrx_word' id='word_1_107' title='bbox 428 1103 669 1176; x_wconf 77' lang='lat' dir='ltr'><strong>nerrusJungatur</strong></span> <span class='ocrx_word' id='word_1_108' title='bbox 685 1104 720 1159; x_wconf 91' lang='lat' dir='ltr'><strong>ad</strong></span> <span class='ocrx_word' id='word_1_109' title='bbox 736 1119 848 1160; x_wconf 81' lang='lat' dir='ltr'><strong>nervum</strong></span> <span class='ocrx_word' id='word_1_110' title='bbox 862 1123 869 1159; x_wconf 79' lang='grc' dir='ltr'><strong>ι</strong></span> <span class='ocrx_word' id='word_1_111' title='bbox 883 1103 1031 1175; x_wconf 90' lang='lat' dir='ltr'><strong>separatim</strong></span> <span class='ocrx_word' id='word_1_112' title='bbox 1082 1105 1204 1174; x_wconf 74' lang='lat' dir='ltr'><strong>metipsos</strong></span> <span class='ocrx_word' id='word_1_113' title='bbox 1229 1103 1393 1159; x_wconf 74' lang='lat' dir='ltr'><strong>tradiderant</strong></span> <span class='ocrx_word' id='word_1_114' title='bbox 1414 1106 1588 1178; x_wconf 81' lang='lat' dir='ltr'><strong>impudicitiae</strong></span> <span class='ocrx_word' id='word_1_115' title='bbox 1607 1106 1636 1160; x_wconf 88' lang='lat' dir='ltr'><strong>in</strong></span> <span class='ocrx_word' id='word_1_116' title='bbox 1659 1106 1811 1178; x_wconf 81' lang='lat' dir='ltr'><strong>operatione</strong></span> <span class='ocrx_word' id='word_1_117' title='bbox 1832 1105 1882 1160; x_wconf 88' lang='lat' dir='ltr'><strong>ins·</strong></span> 
     </span>
     <span class='ocr_line' id='line_1_10' title="bbox 231 1195 1882 1270; baseline 0 -20"><span class='ocrx_word' id='word_1_118' title='bbox 231 1195 304 1250; x_wconf 92' lang='lat' dir='ltr'><strong>oculi</strong></span> <span class='ocrx_word' id='word_1_119' title='bbox 327 1195 456 1267; x_wconf 85' lang='lat' dir='ltr'><strong>jaceant,</strong></span> <span class='ocrx_word' id='word_1_120' title='bbox 474 1210 598 1253; x_wconf 90' lang='lat' dir='ltr'><strong>scorsum</strong></span> <span class='ocrx_word' id='word_1_121' title='bbox 617 1210 712 1261; x_wconf 85' lang='lat' dir='ltr'><strong>nares.</strong></span> <span class='ocrx_word' id='word_1_122' title='bbox 730 1210 827 1252; x_wconf 90' lang='lat' dir='ltr'><strong>manus</strong></span> <span class='ocrx_word' id='word_1_123' title='bbox 841 1196 924 1252; x_wconf 89' lang='lat' dir='ltr'><strong>alium</strong></span> <span class='ocrx_word' id='word_1_124' title='bbox 939 1195 1030 1252; x_wconf 90' lang='lat' dir='ltr'><strong>locum</strong></span> <span class='ocrx_word' id='word_1_125' title='bbox 1083 1195 1217 1251; x_wconf 81' lang='lat' dir='ltr'><strong>munditie</strong></span> <span class='ocrx_word' id='word_1_126' title='bbox 1229 1196 1314 1252; x_wconf 86' lang='lat' dir='ltr'><strong>omnis</strong></span> <span class='ocrx_word' id='word_1_127' title='bbox 1323 1197 1352 1252; x_wconf 88' lang='lat' dir='ltr'><strong>in</strong></span> <span class='ocrx_word' id='word_1_128' title='bbox 1365 1198 1486 1252; x_wconf 72' lang='lat' dir='ltr'><strong>ouantia.</strong></span> <span class='ocrx_word' id='word_1_129' title='bbox 1500 1197 1557 1254; x_wconf 90' lang='lat' dir='ltr'><strong>lloc</strong></span> <span class='ocrx_word' id='word_1_130' title='bbox 1569 1213 1648 1270; x_wconf 88' lang='lat' dir='ltr'><strong>ergo,</strong></span> <span class='ocrx_word' id='word_1_131' title='bbox 1657 1199 1706 1267; x_wconf 89' lang='lat' dir='ltr'><strong>ait,</strong></span> <span class='ocrx_word' id='word_1_132' title='bbox 1717 1197 1780 1254; x_wconf 90' lang='lat' dir='ltr'><strong>dico</strong></span> <span class='ocrx_word' id='word_1_133' title='bbox 1792 1195 1882 1264; x_wconf 85' lang='lat' dir='ltr'><strong>robis,</strong></span> 
     </span>
     <span class='ocr_line' id='line_1_11' title="bbox 231 1286 1883 1362; baseline 0 -19"><span class='ocrx_word' id='word_1_134' title='bbox 231 1298 354 1355; x_wconf 89' lang='lat' dir='ltr'><strong>teneant,</strong></span> <span class='ocrx_word' id='word_1_135' title='bbox 368 1290 423 1345; x_wconf 92' lang='lat' dir='ltr'><strong>alio</strong></span> <span class='ocrx_word' id='word_1_136' title='bbox 435 1289 554 1362; x_wconf 81' lang='lat' dir='ltr'><strong>projecti</strong></span> <span class='ocrx_word' id='word_1_137' title='bbox 567 1290 623 1346; x_wconf 91' lang='lat' dir='ltr'><strong>sint</strong></span> <span class='ocrx_word' id='word_1_138' title='bbox 634 1290 734 1362; x_wconf 89' lang='lat' dir='ltr'><strong>pedes,</strong></span> <span class='ocrx_word' id='word_1_139' title='bbox 751 1289 894 1361; x_wconf 87' lang='lat' dir='ltr'><strong>etreliqua</strong></span> <span class='ocrx_word' id='word_1_140' title='bbox 910 1287 1032 1345; x_wconf 91' lang='lat' dir='ltr'><strong>membra</strong></span> <span class='ocrx_word' id='word_1_141' title='bbox 1082 1301 1100 1344; x_wconf 91' lang='lat' dir='ltr'><strong>o</strong></span> <span class='ocrx_word' id='word_1_142' title='bbox 1114 1286 1240 1360; x_wconf 81' lang='lat' dir='ltr'><strong>Ephesii,</strong></span> <span class='ocrx_word' id='word_1_143' title='bbox 1256 1304 1359 1362; x_wconf 86' lang='lat' dir='ltr'><strong>rosque</strong></span> <span class='ocrx_word' id='word_1_144' title='bbox 1371 1298 1524 1358; x_wconf 87' lang='lat' dir='ltr'><strong>contestor,</strong></span> <span class='ocrx_word' id='word_1_145' title='bbox 1539 1300 1570 1347; x_wconf 89' lang='grc' dir='ltr'><strong>ιιι</strong></span> <span class='ocrx_word' id='word_1_146' title='bbox 1582 1291 1646 1362; x_wconf 90' lang='lat' dir='ltr'><strong>quia</strong></span> <span class='ocrx_word' id='word_1_147' title='bbox 1657 1289 1803 1347; x_wconf 87' lang='lat' dir='ltr'><strong>occursuri</strong></span> <span class='ocrx_word' id='word_1_148' title='bbox 1815 1287 1883 1345; x_wconf 87' lang='lat' dir='ltr'><strong>estis</strong></span> 
     </span>
     <span class='ocr_line' id='line_1_12' title="bbox 229 1378 1884 1454; baseline 0.001 -19"><span class='ocrx_word' id='word_1_149' title='bbox 229 1378 259 1435; x_wconf 89' lang='lat' dir='ltr'><strong>in</strong></span> <span class='ocrx_word' id='word_1_150' title='bbox 284 1379 357 1435; x_wconf 90' lang='lat' dir='ltr'><strong>hunc</strong></span> <span class='ocrx_word' id='word_1_151' title='bbox 381 1381 492 1437; x_wconf 91' lang='lat' dir='ltr'><strong>modum</strong></span> <span class='ocrx_word' id='word_1_152' title='bbox 515 1381 588 1438; x_wconf 93' lang='lat' dir='ltr'><strong>inter</strong></span> <span class='ocrx_word' id='word_1_153' title='bbox 609 1397 639 1438; x_wconf 93' lang='lat' dir='ltr'><strong>sc</strong></span> <span class='ocrx_word' id='word_1_154' title='bbox 659 1381 783 1454; x_wconf 92' lang='lat' dir='ltr'><strong>dispersa</strong></span> <span class='ocrx_word' id='word_1_155' title='bbox 807 1382 875 1448; x_wconf 89' lang='lat' dir='ltr'><strong>sint,</strong></span> <span class='ocrx_word' id='word_1_156' title='bbox 891 1381 1029 1439; x_wconf 85' lang='lat' dir='ltr'><strong>etdirisa.</strong></span> <span class='ocrx_word' id='word_1_157' title='bbox 1083 1379 1110 1436; x_wconf 88' lang='lat' dir='ltr'><strong>in</strong></span> <span class='ocrx_word' id='word_1_158' title='bbox 1122 1395 1277 1437; x_wconf 90' lang='lat' dir='ltr'><strong>mensuram</strong></span> <span class='ocrx_word' id='word_1_159' title='bbox 1288 1382 1378 1438; x_wconf 80' lang='lat' dir='ltr'><strong>aetatis</strong></span> <span class='ocrx_word' id='word_1_160' title='bbox 1391 1381 1573 1454; x_wconf 87' lang='lat' dir='ltr'><strong>plenitudinis</strong></span> <span class='ocrx_word' id='word_1_161' title='bbox 1585 1378 1701 1450; x_wconf 82' lang='lat' dir='ltr'><strong>Christi,</strong></span> <span class='ocrx_word' id='word_1_162' title='bbox 1718 1394 1773 1437; x_wconf 91' lang='lat' dir='ltr'><strong>non</strong></span> <span class='ocrx_word' id='word_1_163' title='bbox 1787 1379 1884 1436; x_wconf 83' lang='lat' dir='ltr'><strong>ambu-</strong></span> 
     </span>
     <span class='ocr_line' id='line_1_13' title="bbox 231 1469 1882 1546; baseline 0.001 -21"><span class='ocrx_word' id='word_1_164' title='bbox 231 1469 320 1542; x_wconf 79' lang='lat' dir='ltr'><strong>Flnge</strong></span> <span class='ocrx_word' id='word_1_165' title='bbox 334 1471 454 1543; x_wconf 91' lang='lat' dir='ltr'><strong>aliquem</strong></span> <span class='ocrx_word' id='word_1_166' title='bbox 468 1470 564 1528; x_wconf 85' lang='lat' dir='ltr'><strong>tenire</strong></span> <span class='ocrx_word' id='word_1_167' title='bbox 578 1482 663 1529; x_wconf 75' lang='lat' dir='ltr'><strong>taneta</strong></span> <span class='ocrx_word' id='word_1_168' title='bbox 678 1473 801 1529; x_wconf 76' lang='lat' dir='ltr'><strong>scientie</strong></span> <span class='ocrx_word' id='word_1_169' title='bbox 816 1473 965 1539; x_wconf 90' lang='lat' dir='ltr'><strong>medicum,</strong></span> <span class='ocrx_word' id='word_1_170' title='bbox 985 1472 1032 1544; x_wconf 90' lang='lat' dir='ltr'><strong>qui</strong></span> <span class='ocrx_word' id='word_1_171' title='bbox 1083 1473 1146 1530; x_wconf 89' lang='lat' dir='ltr'><strong>lctis</strong></span> <span class='ocrx_word' id='word_1_172' title='bbox 1159 1475 1233 1531; x_wconf 91' lang='lat' dir='ltr'><strong>sient</strong></span> <span class='ocrx_word' id='word_1_173' title='bbox 1252 1474 1394 1531; x_wconf 90' lang='lat' dir='ltr'><strong>ambulant</strong></span> <span class='ocrx_word' id='word_1_174' title='bbox 1410 1484 1525 1546; x_wconf 90' lang='lat' dir='ltr'><strong>gentes,</strong></span> <span class='ocrx_word' id='word_1_175' title='bbox 1542 1488 1604 1545; x_wconf 83' lang='lat' dir='ltr'><strong>quae</strong></span> <span class='ocrx_word' id='word_1_176' title='bbox 1619 1473 1700 1530; x_wconf 90' lang='lat' dir='ltr'><strong>idolis</strong></span> <span class='ocrx_word' id='word_1_177' title='bbox 1714 1472 1882 1538; x_wconf 69' lang='lat' dir='ltr'>servientes,</span> 
     </span>
     <span class='ocr_line' id='line_1_14' title="bbox 229 1564 1885 1638; baseline 0.001 -20"><span class='ocrx_word' id='word_1_178' title='bbox 229 1565 306 1636; x_wconf 84' lang='lat' dir='ltr'><strong>justa</strong></span> <span class='ocrx_word' id='word_1_179' title='bbox 320 1566 425 1623; x_wconf 86' lang='lat' dir='ltr'><strong>iabulas</strong></span> <span class='ocrx_word' id='word_1_180' title='bbox 449 1567 643 1636; x_wconf 85' lang='lat' dir='ltr'><strong>ethnicorum,</strong></span> <span class='ocrx_word' id='word_1_181' title='bbox 659 1565 846 1638; x_wconf 78' lang='lat' dir='ltr'><strong>AEsculapium</strong></span> <span class='ocrx_word' id='word_1_182' title='bbox 868 1567 1032 1638; x_wconf 90' lang='lat' dir='ltr'><strong>possitimi-</strong></span> <span class='ocrx_word' id='word_1_183' title='bbox 1083 1575 1113 1623; x_wconf 90' lang='lat' dir='ltr'><strong>et</strong></span> <span class='ocrx_word' id='word_1_184' title='bbox 1132 1581 1216 1623; x_wconf 89' lang='lat' dir='ltr'><strong>sensu</strong></span> <span class='ocrx_word' id='word_1_185' title='bbox 1240 1575 1269 1623; x_wconf 90' lang='lat' dir='ltr'><strong>et</strong></span> <span class='ocrx_word' id='word_1_186' title='bbox 1289 1575 1383 1624; x_wconf 91' lang='lat' dir='ltr'><strong>rnente</strong></span> <span class='ocrx_word' id='word_1_187' title='bbox 1406 1567 1558 1625; x_wconf 89' lang='lat' dir='ltr'><strong>abutuntur</strong></span> <span class='ocrx_word' id='word_1_188' title='bbox 1581 1568 1608 1621; x_wconf 92' lang='lat' dir='ltr'><strong>in</strong></span> <span class='ocrx_word' id='word_1_189' title='bbox 1625 1581 1718 1638; x_wconf 81' lang='lat' dir='ltr'><strong>prava.</strong></span> <span class='ocrx_word' id='word_1_190' title='bbox 1738 1564 1808 1634; x_wconf 72' lang='lat' dir='ltr'><strong>Quae</strong></span> <span class='ocrx_word' id='word_1_191' title='bbox 1822 1577 1885 1620; x_wconf 86' lang='lat' dir='ltr'><strong>cum</strong></span> 
     </span>
     <span class='ocr_line' id='line_1_15' title="bbox 232 1659 1886 1736; baseline -0.001 -22"><span class='ocrx_word' id='word_1_192' title='bbox 232 1660 296 1732; x_wconf 87' lang='lat' dir='ltr'><strong>tari,</strong></span> <span class='ocrx_word' id='word_1_193' title='bbox 311 1660 360 1716; x_wconf 80' lang='grc' dir='ltr'><strong>ιι·</strong></span> <span class='ocrx_word' id='word_1_194' title='bbox 376 1662 403 1718; x_wconf 87' lang='lat' dir='ltr'><strong>in</strong></span> <span class='ocrx_word' id='word_1_195' title='bbox 416 1676 514 1719; x_wconf 88' lang='lat' dir='ltr'><strong>noram</strong></span> <span class='ocrx_word' id='word_1_196' title='bbox 531 1661 645 1736; x_wconf 90' lang='lat' dir='ltr'><strong>liguram</strong></span> <span class='ocrx_word' id='word_1_197' title='bbox 661 1677 817 1734; x_wconf 89' lang='lat' dir='ltr'><strong>novumque</strong></span> <span class='ocrx_word' id='word_1_198' title='bbox 831 1677 952 1730; x_wconf 91' lang='lat' dir='ltr'><strong>nomeu,</strong></span> <span class='ocrx_word' id='word_1_199' title='bbox 969 1661 1032 1718; x_wconf 78' lang='lat' dir='ltr'><strong>Vir·</strong></span> <span class='ocrx_word' id='word_1_200' title='bbox 1085 1659 1150 1718; x_wconf 89' lang='lat' dir='ltr'><strong>ideo</strong></span> <span class='ocrx_word' id='word_1_201' title='bbox 1174 1661 1333 1732; x_wconf 89' lang='lat' dir='ltr'><strong>acceperint</strong></span> <span class='ocrx_word' id='word_1_202' title='bbox 1355 1659 1474 1716; x_wconf 89' lang='lat' dir='ltr'><strong>animam</strong></span> <span class='ocrx_word' id='word_1_203' title='bbox 1497 1669 1525 1716; x_wconf 91' lang='lat' dir='ltr'><strong>et</strong></span> <span class='ocrx_word' id='word_1_204' title='bbox 1544 1659 1726 1727; x_wconf 89' lang='lat' dir='ltr'><strong>intellectum,</strong></span> <span class='ocrx_word' id='word_1_205' title='bbox 1739 1668 1770 1716; x_wconf 91' lang='lat' dir='ltr'><strong>ut</strong></span> <span class='ocrx_word' id='word_1_206' title='bbox 1781 1673 1886 1730; x_wconf 87' lang='lat' dir='ltr'><strong>eogno-</strong></span> 
     </span>
     <span class='ocr_line' id='line_1_16' title="bbox 233 1752 1887 1827; baseline 0.001 -19"><span class='ocrx_word' id='word_1_207' title='bbox 233 1752 308 1808; x_wconf 86' lang='lat' dir='ltr'><strong>bium</strong></span> <span class='ocrx_word' id='word_1_208' title='bbox 328 1755 482 1811; x_wconf 89' lang='lat' dir='ltr'><strong>suscitare:</strong></span> <span class='ocrx_word' id='word_1_209' title='bbox 499 1755 544 1811; x_wconf 90' lang='lat' dir='ltr'><strong>hie</strong></span> <span class='ocrx_word' id='word_1_210' title='bbox 561 1769 677 1811; x_wconf 88' lang='lat' dir='ltr'><strong>necesse</strong></span> <span class='ocrx_word' id='word_1_211' title='bbox 694 1753 806 1812; x_wconf 91' lang='lat' dir='ltr'><strong>habebit</strong></span> <span class='ocrx_word' id='word_1_212' title='bbox 820 1754 1032 1827; x_wconf 89' lang='lat' dir='ltr'><strong>unumquodque</strong></span> <span class='ocrx_word' id='word_1_213' title='bbox 1084 1765 1194 1812; x_wconf 86' lang='lat' dir='ltr'><strong>scerent</strong></span> <span class='ocrx_word' id='word_1_214' title='bbox 1209 1753 1307 1822; x_wconf 85' lang='lat' dir='ltr'><strong>Deum,</strong></span> <span class='ocrx_word' id='word_1_215' title='bbox 1320 1753 1465 1811; x_wconf 88' lang='lat' dir='ltr'><strong>abalienati</strong></span> <span class='ocrx_word' id='word_1_216' title='bbox 1477 1761 1541 1810; x_wconf 90' lang='lat' dir='ltr'><strong>sunt</strong></span> <span class='ocrx_word' id='word_1_217' title='bbox 1551 1767 1566 1808; x_wconf 86' lang='lat' dir='ltr'><strong>a</strong></span> <span class='ocrx_word' id='word_1_218' title='bbox 1578 1752 1790 1826; x_wconf 73' lang='lat' dir='ltr'><strong>uiaejuslquam</strong></span> <span class='ocrx_word' id='word_1_219' title='bbox 1803 1753 1887 1809; x_wconf 86' lang='lat' dir='ltr'><strong>aliam</strong></span> 
     </span>
     <span class='ocr_line' id='line_1_17' title="bbox 234 1835 1888 1920; baseline -0.001 -18"><span class='ocrx_word' id='word_1_220' title='bbox 234 1843 389 1902; x_wconf 84' lang='lat' dir='ltr'><strong>membrum</strong></span> <span class='ocrx_word' id='word_1_221' title='bbox 405 1861 455 1904; x_wconf 93' lang='lat' dir='ltr'><strong>suo</strong></span> <span class='ocrx_word' id='word_1_222' title='bbox 468 1847 528 1904; x_wconf 90' lang='lat' dir='ltr'><strong>loco</strong></span> <span class='ocrx_word' id='word_1_223' title='bbox 542 1837 711 1916; x_wconf 75' lang='lat' dir='ltr'><strong>resumere,</strong></span> <span class='ocrx_word' id='word_1_224' title='bbox 734 1856 763 1905; x_wconf 89' lang='grc' dir='ltr'><strong>ιι</strong></span> <span class='ocrx_word' id='word_1_225' title='bbox 776 1862 936 1920; x_wconf 76' lang='lat' dir='ltr'><strong>compagem</strong></span> <span class='ocrx_word' id='word_1_226' title='bbox 948 1863 1031 1919; x_wconf 89' lang='lat' dir='ltr'><strong>copn·</strong></span> <span class='ocrx_word' id='word_1_227' title='bbox 1047 1835 1072 1898; x_wconf 88' lang='lat' dir='ltr'>B</span> <span class='ocrx_word' id='word_1_228' title='bbox 1085 1846 1191 1920; x_wconf 91' lang='lat' dir='ltr'><strong>absque</strong></span> <span class='ocrx_word' id='word_1_229' title='bbox 1205 1847 1317 1905; x_wconf 85' lang='lat' dir='ltr'><strong>Christo</strong></span> <span class='ocrx_word' id='word_1_230' title='bbox 1331 1847 1544 1920; x_wconf 82' lang='lat' dir='ltr'><strong>nonnouimus)</strong></span> <span class='ocrx_word' id='word_1_231' title='bbox 1567 1856 1595 1903; x_wconf 91' lang='lat' dir='ltr'><strong>et</strong></span> <span class='ocrx_word' id='word_1_232' title='bbox 1615 1847 1643 1903; x_wconf 91' lang='lat' dir='ltr'><strong>in</strong></span> <span class='ocrx_word' id='word_1_233' title='bbox 1661 1848 1705 1904; x_wconf 91' lang='lat' dir='ltr'><strong>sni</strong></span> <span class='ocrx_word' id='word_1_234' title='bbox 1719 1847 1812 1904; x_wconf 90' lang='lat' dir='ltr'><strong>cordis</strong></span> <span class='ocrx_word' id='word_1_235' title='bbox 1827 1859 1888 1901; x_wconf 87' lang='lat' dir='ltr'><strong>am·</strong></span> 
     </span>
     <span class='ocr_line' id='line_1_18' title="bbox 229 1938 1886 2014; baseline 0.002 -22"><span class='ocrx_word' id='word_1_236' title='bbox 229 1939 291 1996; x_wconf 88' lang='lat' dir='ltr'><strong>lare</strong></span> <span class='ocrx_word' id='word_1_237' title='bbox 304 1940 440 2012; x_wconf 76' lang='lat' dir='ltr'><strong>compagi,</strong></span> <span class='ocrx_word' id='word_1_238' title='bbox 456 1949 485 1996; x_wconf 95' lang='lat' dir='ltr'><strong>et</strong></span> <span class='ocrx_word' id='word_1_239' title='bbox 498 1940 616 2013; x_wconf 84' lang='lat' dir='ltr'><strong>quodasn</strong></span> <span class='ocrx_word' id='word_1_240' title='bbox 627 1942 735 2013; x_wconf 91' lang='lat' dir='ltr'><strong>glutino</strong></span> <span class='ocrx_word' id='word_1_241' title='bbox 746 1940 871 2014; x_wconf 89' lang='lat' dir='ltr'><strong>partibus</strong></span> <span class='ocrx_word' id='word_1_242' title='bbox 885 1943 1031 2010; x_wconf 89' lang='lat' dir='ltr'><strong>restitutis,</strong></span> <span class='ocrx_word' id='word_1_243' title='bbox 1085 1941 1179 1998; x_wconf 91' lang='lat' dir='ltr'><strong>hulam</strong></span> <span class='ocrx_word' id='word_1_244' title='bbox 1193 1942 1328 1998; x_wconf 65' lang='lat' dir='ltr'><strong>caecitate.</strong></span> <span class='ocrx_word' id='word_1_245' title='bbox 1358 1940 1450 2014; x_wconf 76' lang='lat' dir='ltr'><strong>Atque</strong></span> <span class='ocrx_word' id='word_1_246' title='bbox 1470 1941 1575 1998; x_wconf 90' lang='lat' dir='ltr'><strong>utinam</strong></span> <span class='ocrx_word' id='word_1_247' title='bbox 1588 1954 1718 2012; x_wconf 90' lang='lat' dir='ltr'><strong>peccasse</strong></span> <span class='ocrx_word' id='word_1_248' title='bbox 1733 1938 1886 2008; x_wconf 82' lang='lat' dir='ltr'><strong>stillleeret,</strong></span> 
     </span>
     <span class='ocr_line' id='line_1_19' title="bbox 231 2033 1891 2108; baseline 0.004 -22"><span class='ocrx_word' id='word_1_249' title='bbox 231 2046 316 2087; x_wconf 91' lang='lat' dir='ltr'><strong>unum</strong></span> <span class='ocrx_word' id='word_1_250' title='bbox 332 2033 567 2103; x_wconf 89' lang='lat' dir='ltr'><strong>corpusellrcere.</strong></span> <span class='ocrx_word' id='word_1_251' title='bbox 596 2034 653 2090; x_wconf 86' lang='lat' dir='ltr'><strong>llue</strong></span> <span class='ocrx_word' id='word_1_252' title='bbox 667 2049 753 2105; x_wconf 89' lang='lat' dir='ltr'><strong>usquc</strong></span> <span class='ocrx_word' id='word_1_253' title='bbox 767 2034 849 2091; x_wconf 89' lang='lat' dir='ltr'><strong>nobis</strong></span> <span class='ocrx_word' id='word_1_254' title='bbox 866 2050 919 2090; x_wconf 91' lang='lat' dir='ltr'><strong>una</strong></span> <span class='ocrx_word' id='word_1_255' title='bbox 936 2034 1033 2092; x_wconf 88' lang='lat' dir='ltr'><strong>simili·</strong></span> <span class='ocrx_word' id='word_1_256' title='bbox 1084 2045 1112 2094; x_wconf 96' lang='lat' dir='ltr'><strong>et</strong></span> <span class='ocrx_word' id='word_1_257' title='bbox 1136 2036 1178 2094; x_wconf 87' lang='lat' dir='ltr'><strong>rel</strong></span> <span class='ocrx_word' id='word_1_258' title='bbox 1203 2049 1267 2093; x_wconf 89' lang='lat' dir='ltr'><strong>sero</strong></span> <span class='ocrx_word' id='word_1_259' title='bbox 1287 2045 1401 2108; x_wconf 92' lang='lat' dir='ltr'><strong>agerent</strong></span> <span class='ocrx_word' id='word_1_260' title='bbox 1424 2035 1643 2108; x_wconf 81' lang='lat' dir='ltr'><strong>paenitudinem,</strong></span> <span class='ocrx_word' id='word_1_261' title='bbox 1668 2035 1891 2108; x_wconf 80' lang='lat' dir='ltr'><strong>damnarentque</strong></span> 
     </span>
     <span class='ocr_line' id='line_1_20' title="bbox 235 2124 1890 2202; baseline 0.004 -24"><span class='ocrx_word' id='word_1_262' title='bbox 235 2124 301 2179; x_wconf 90' lang='lat' dir='ltr'><strong>tudo</strong></span> <span class='ocrx_word' id='word_1_263' title='bbox 315 2127 493 2196; x_wconf 86' lang='lat' dir='ltr'><strong>processerit:</strong></span> <span class='ocrx_word' id='word_1_264' title='bbox 509 2142 582 2183; x_wconf 90' lang='lat' dir='ltr'><strong>nnnc</strong></span> <span class='ocrx_word' id='word_1_265' title='bbox 596 2128 623 2183; x_wconf 90' lang='lat' dir='ltr'><strong>in</strong></span> <span class='ocrx_word' id='word_1_266' title='bbox 637 2126 764 2184; x_wconf 87' lang='lat' dir='ltr'><strong>eamdem</strong></span> <span class='ocrx_word' id='word_1_267' title='bbox 775 2125 982 2185; x_wconf 89' lang='lat' dir='ltr'><strong>similitudinem</strong></span> <span class='ocrx_word' id='word_1_268' title='bbox 997 2127 1033 2184; x_wconf 86' lang='lat' dir='ltr'><strong>ad</strong></span> <span class='ocrx_word' id='word_1_269' title='bbox 1084 2131 1151 2186; x_wconf 86' lang='lat' dir='ltr'><strong>vitia</strong></span> <span class='ocrx_word' id='word_1_270' title='bbox 1175 2129 1203 2184; x_wconf 91' lang='lat' dir='ltr'><strong>in</strong></span> <span class='ocrx_word' id='word_1_271' title='bbox 1229 2127 1329 2201; x_wconf 90' lang='lat' dir='ltr'><strong>quihus</strong></span> <span class='ocrx_word' id='word_1_272' title='bbox 1342 2130 1445 2202; x_wconf 83' lang='lat' dir='ltr'><strong>jugiter</strong></span> <span class='ocrx_word' id='word_1_273' title='bbox 1459 2127 1620 2195; x_wconf 79' lang='lat' dir='ltr'><strong>inhiarunt,</strong></span> <span class='ocrx_word' id='word_1_274' title='bbox 1643 2135 1718 2185; x_wconf 87' lang='lat' dir='ltr'><strong>essct</strong></span> <span class='ocrx_word' id='word_1_275' title='bbox 1732 2128 1890 2185; x_wconf 90' lang='lat' dir='ltr'><strong>remedium</strong></span> 
     </span>
     <span class='ocr_line' id='line_1_21' title="bbox 233 2216 1887 2294; baseline 0.002 -21"><span class='ocrx_word' id='word_1_276' title='bbox 233 2216 262 2274; x_wconf 90' lang='lat' dir='ltr'><strong>id</strong></span> <span class='ocrx_word' id='word_1_277' title='bbox 276 2217 349 2289; x_wconf 84' lang='lat' dir='ltr'><strong>quod</strong></span> <span class='ocrx_word' id='word_1_278' title='bbox 362 2218 479 2291; x_wconf 90' lang='lat' dir='ltr'><strong>intelligi</strong></span> <span class='ocrx_word' id='word_1_279' title='bbox 494 2221 629 2288; x_wconf 78' lang='lat' dir='ltr'><strong>ttriumus,</strong></span> <span class='ocrx_word' id='word_1_280' title='bbox 644 2219 717 2276; x_wconf 90' lang='lat' dir='ltr'><strong>aliud</strong></span> <span class='ocrx_word' id='word_1_281' title='bbox 729 2223 852 2276; x_wconf 87' lang='lat' dir='ltr'><strong>trattatur</strong></span> <span class='ocrx_word' id='word_1_282' title='bbox 863 2221 1030 2288; x_wconf 83' lang='lat' dir='ltr'><strong>exemplum.</strong></span> <span class='ocrx_word' id='word_1_283' title='bbox 1085 2223 1251 2294; x_wconf 82' lang='lat' dir='ltr'><strong>resipiscere</strong></span> <span class='ocrx_word' id='word_1_284' title='bbox 1272 2232 1335 2294; x_wconf 92' lang='lat' dir='ltr'><strong>post</strong></span> <span class='ocrx_word' id='word_1_285' title='bbox 1355 2237 1490 2279; x_wconf 84' lang='lat' dir='ltr'><strong>errorem.</strong></span> <span class='ocrx_word' id='word_1_286' title='bbox 1518 2221 1595 2277; x_wconf 87' lang='lat' dir='ltr'><strong>Nune</strong></span> <span class='ocrx_word' id='word_1_287' title='bbox 1615 2235 1681 2276; x_wconf 84' lang='lat' dir='ltr'><strong>vern</strong></span> <span class='ocrx_word' id='word_1_288' title='bbox 1696 2222 1887 2290; x_wconf 69' lang='lat' dir='ltr'><strong>desperantes,</strong></span> 
     </span>
     <span class='ocr_line' id='line_1_22' title="bbox 232 2305 1892 2384; baseline 0.002 -19"><span class='ocrx_word' id='word_1_289' title='bbox 232 2308 365 2367; x_wconf 76' lang='lat' dir='ltr'><strong>Paruulus</strong></span> <span class='ocrx_word' id='word_1_290' title='bbox 382 2321 498 2381; x_wconf 83' lang='lat' dir='ltr'><strong>crescat,</strong></span> <span class='ocrx_word' id='word_1_291' title='bbox 514 2323 543 2369; x_wconf 93' lang='lat' dir='ltr'><strong>ct</strong></span> <span class='ocrx_word' id='word_1_292' title='bbox 557 2315 747 2381; x_wconf 75' lang='lat' dir='ltr'><strong>occultoaaro,</strong></span> <span class='ocrx_word' id='word_1_293' title='bbox 761 2313 950 2384; x_wconf 79' lang='lat' dir='ltr'><strong>inperfectam</strong></span> <span class='ocrx_word' id='word_1_294' title='bbox 966 2311 1033 2369; x_wconf 91' lang='lat' dir='ltr'><strong>ado·</strong></span> <span class='ocrx_word' id='word_1_295' title='bbox 1083 2332 1134 2384; x_wconf 88' lang='lat' dir='ltr'><strong>se,</strong></span> <span class='ocrx_word' id='word_1_296' title='bbox 1148 2325 1176 2372; x_wconf 90' lang='lat' dir='ltr'><strong>et</strong></span> <span class='ocrx_word' id='word_1_297' title='bbox 1190 2315 1218 2371; x_wconf 91' lang='lat' dir='ltr'><strong>in</strong></span> <span class='ocrx_word' id='word_1_298' title='bbox 1234 2315 1315 2371; x_wconf 88' lang='lat' dir='ltr'><strong>ritum</strong></span> <span class='ocrx_word' id='word_1_299' title='bbox 1330 2305 1560 2370; x_wconf 76' lang='lat' dir='ltr'><strong>irrationabilium</strong></span> <span class='ocrx_word' id='word_1_300' title='bbox 1571 2311 1733 2381; x_wconf 88' lang='lat' dir='ltr'><strong>bestiarum,</strong></span> <span class='ocrx_word' id='word_1_301' title='bbox 1746 2326 1827 2370; x_wconf 81' lang='lat' dir='ltr'><strong>otene</strong></span> <span class='ocrx_word' id='word_1_302' title='bbox 1843 2327 1892 2369; x_wconf 89' lang='lat' dir='ltr'><strong>ro·</strong></span> 
     </span>
     <span class='ocr_line' id='line_1_23' title="bbox 230 2403 1892 2480; baseline -0.001 -21"><span class='ocrx_word' id='word_1_303' title='bbox 230 2403 318 2459; x_wconf 90' lang='lat' dir='ltr'><strong>lescat</strong></span> <span class='ocrx_word' id='word_1_304' title='bbox 341 2412 468 2460; x_wconf 75' lang='lat' dir='ltr'><strong>aetatem:</strong></span> <span class='ocrx_word' id='word_1_305' title='bbox 490 2419 568 2460; x_wconf 92' lang='lat' dir='ltr'><strong>suum</strong></span> <span class='ocrx_word' id='word_1_306' title='bbox 593 2419 690 2461; x_wconf 90' lang='lat' dir='ltr'><strong>manus</strong></span> <span class='ocrx_word' id='word_1_307' title='bbox 711 2414 887 2476; x_wconf 75' lang='lat' dir='ltr'><strong>augmentum</strong></span> <span class='ocrx_word' id='word_1_308' title='bbox 908 2403 1031 2472; x_wconf 80' lang='lat' dir='ltr'><strong>habebit,</strong></span> <span class='ocrx_word' id='word_1_309' title='bbox 1083 2407 1224 2480; x_wconf 90' lang='lat' dir='ltr'><strong>raginique</strong></span> <span class='ocrx_word' id='word_1_310' title='bbox 1239 2415 1414 2478; x_wconf 85' lang='lat' dir='ltr'><strong>mergentes,</strong></span> <span class='ocrx_word' id='word_1_311' title='bbox 1430 2403 1793 2475; x_wconf 76' lang='lat' dir='ltr'><strong>tradideruutimpudicitiae</strong></span> <span class='ocrx_word' id='word_1_312' title='bbox 1806 2411 1892 2475; x_wconf 90' lang='lat' dir='ltr'><strong>atque</strong></span> 
     </span>
     <span class='ocr_line' id='line_1_24' title="bbox 235 2495 1893 2574; baseline -0.001 -22"><span class='ocrx_word' id='word_1_313' title='bbox 235 2511 283 2552; x_wconf 92' lang='lat' dir='ltr'><strong>sua</strong></span> <span class='ocrx_word' id='word_1_314' title='bbox 299 2497 385 2568; x_wconf 89' lang='lat' dir='ltr'><strong>pedes</strong></span> <span class='ocrx_word' id='word_1_315' title='bbox 399 2499 521 2555; x_wconf 91' lang='lat' dir='ltr'><strong>sentient</strong></span> <span class='ocrx_word' id='word_1_316' title='bbox 538 2500 726 2556; x_wconf 90' lang='lat' dir='ltr'><strong>incrementa:</strong></span> <span class='ocrx_word' id='word_1_317' title='bbox 745 2510 842 2556; x_wconf 85' lang='lat' dir='ltr'><strong>venter</strong></span> <span class='ocrx_word' id='word_1_318' title='bbox 856 2499 920 2556; x_wconf 90' lang='lat' dir='ltr'><strong>dum</strong></span> <span class='ocrx_word' id='word_1_319' title='bbox 944 2501 1033 2558; x_wconf 89' lang='lat' dir='ltr'><strong>nesci·</strong></span> <span class='ocrx_word' id='word_1_320' title='bbox 1084 2502 1220 2572; x_wconf 80' lang='lat' dir='ltr'><strong>luxurias,</strong></span> <span class='ocrx_word' id='word_1_321' title='bbox 1247 2507 1393 2574; x_wconf 86' lang='lat' dir='ltr'><strong>operantes</strong></span> <span class='ocrx_word' id='word_1_322' title='bbox 1412 2496 1542 2570; x_wconf 90' lang='lat' dir='ltr'><strong>quidquid</strong></span> <span class='ocrx_word' id='word_1_323' title='bbox 1556 2511 1656 2570; x_wconf 92' lang='lat' dir='ltr'><strong>corpus</strong></span> <span class='ocrx_word' id='word_1_324' title='bbox 1676 2495 1782 2567; x_wconf 76' lang='lat' dir='ltr'><strong>velerit,</strong></span> <span class='ocrx_word' id='word_1_325' title='bbox 1808 2509 1893 2551; x_wconf 87' lang='lat' dir='ltr'><strong>mens</strong></span> 
     </span>
     <span class='ocr_line' id='line_1_25' title="bbox 234 2585 1894 2662; baseline 0.001 -18"><span class='ocrx_word' id='word_1_326' title='bbox 234 2605 307 2651; x_wconf 80' lang='lat' dir='ltr'><strong>naus.</strong></span> <span class='ocrx_word' id='word_1_327' title='bbox 323 2591 472 2662; x_wconf 87' lang='lat' dir='ltr'><strong>impletur:</strong></span> <span class='ocrx_word' id='word_1_328' title='bbox 488 2590 607 2659; x_wconf 93' lang='lat' dir='ltr'><strong>humeri,</strong></span> <span class='ocrx_word' id='word_1_329' title='bbox 622 2590 687 2647; x_wconf 92' lang='lat' dir='ltr'><strong>dum</strong></span> <span class='ocrx_word' id='word_1_330' title='bbox 704 2591 836 2649; x_wconf 92' lang='lat' dir='ltr'><strong>lslluntur</strong></span> <span class='ocrx_word' id='word_1_331' title='bbox 848 2593 944 2662; x_wconf 91' lang='lat' dir='ltr'><strong>oculi,</strong></span> <span class='ocrx_word' id='word_1_332' title='bbox 959 2594 1032 2651; x_wconf 85' lang='lat' dir='ltr'><strong>dila-</strong></span> <span class='ocrx_word' id='word_1_333' title='bbox 1083 2591 1270 2658; x_wconf 85' lang='lat' dir='ltr'><strong>desideravit,</strong></span> <span class='ocrx_word' id='word_1_334' title='bbox 1293 2591 1379 2648; x_wconf 89' lang='lat' dir='ltr'><strong>libido</strong></span> <span class='ocrx_word' id='word_1_335' title='bbox 1391 2591 1537 2662; x_wconf 84' lang='lat' dir='ltr'><strong>suggessit.</strong></span> <span class='ocrx_word' id='word_1_336' title='bbox 1567 2589 1603 2646; x_wconf 82' lang='lat' dir='ltr'><strong>tit</strong></span> <span class='ocrx_word' id='word_1_337' title='bbox 1615 2604 1677 2647; x_wconf 90' lang='lat' dir='ltr'><strong>cum</strong></span> <span class='ocrx_word' id='word_1_338' title='bbox 1693 2585 1894 2646; x_wconf 88' lang='lat' dir='ltr'><strong>nihilomnino</strong></span> 
     </span>
     <span class='ocr_line' id='line_1_26' title="bbox 233 2681 1893 2760; baseline 0.001 -23"><span class='ocrx_word' id='word_1_339' title='bbox 233 2690 345 2740; x_wconf 90' lang='lat' dir='ltr'><strong>tantur:</strong></span> <span class='ocrx_word' id='word_1_340' title='bbox 367 2693 396 2739; x_wconf 89' lang='lat' dir='ltr'><strong>et</strong></span> <span class='ocrx_word' id='word_1_341' title='bbox 416 2685 507 2740; x_wconf 81' lang='lat' dir='ltr'><strong>omitia</strong></span> <span class='ocrx_word' id='word_1_342' title='bbox 523 2687 647 2743; x_wconf 90' lang='lat' dir='ltr'><strong>membra</strong></span> <span class='ocrx_word' id='word_1_343' title='bbox 662 2701 712 2758; x_wconf 91' lang='lat' dir='ltr'><strong>per</strong></span> <span class='ocrx_word' id='word_1_344' title='bbox 725 2695 818 2758; x_wconf 92' lang='lat' dir='ltr'><strong>partes</strong></span> <span class='ocrx_word' id='word_1_345' title='bbox 830 2687 910 2760; x_wconf 84' lang='lat' dir='ltr'><strong>juxta</strong></span> <span class='ocrx_word' id='word_1_346' title='bbox 923 2703 1033 2744; x_wconf 91' lang='lat' dir='ltr'><strong>mensu·</strong></span> <span class='ocrx_word' id='word_1_347' title='bbox 1084 2681 1574 2757; x_wconf 79' lang='lat' dir='ltr'><strong>praetermiserintquodinmnndnns</strong></span> <span class='ocrx_word' id='word_1_348' title='bbox 1586 2683 1635 2748; x_wconf 89' lang='lat' dir='ltr'><strong>sit,</strong></span> <span class='ocrx_word' id='word_1_349' title='bbox 1643 2683 1787 2738; x_wconf 85' lang='lat' dir='ltr'><strong>ltoctotum</strong></span> <span class='ocrx_word' id='word_1_350' title='bbox 1798 2681 1893 2738; x_wconf 83' lang='lat' dir='ltr'><strong>iecere</strong></span> 
     </span>
     <span class='ocr_line' id='line_1_27' title="bbox 232 2777 1893 2852; baseline 0.002 -21"><span class='ocrx_word' id='word_1_351' title='bbox 232 2791 291 2831; x_wconf 89' lang='lat' dir='ltr'><strong>ram</strong></span> <span class='ocrx_word' id='word_1_352' title='bbox 308 2791 385 2832; x_wconf 90' lang='lat' dir='ltr'><strong>suam</strong></span> <span class='ocrx_word' id='word_1_353' title='bbox 404 2777 445 2833; x_wconf 90' lang='lat' dir='ltr'><strong>sic</strong></span> <span class='ocrx_word' id='word_1_354' title='bbox 465 2788 593 2835; x_wconf 89' lang='lat' dir='ltr'><strong>crescunt</strong></span> <span class='ocrx_word' id='word_1_355' title='bbox 610 2791 639 2835; x_wconf 87' lang='lat' dir='ltr'><strong>ut</strong></span> <span class='ocrx_word' id='word_1_356' title='bbox 656 2793 747 2836; x_wconf 91' lang='lat' dir='ltr'><strong>tamen</strong></span> <span class='ocrx_word' id='word_1_357' title='bbox 762 2793 818 2836; x_wconf 87' lang='lat' dir='ltr'><strong>non</strong></span> <span class='ocrx_word' id='word_1_358' title='bbox 832 2779 895 2847; x_wconf 91' lang='lat' dir='ltr'><strong>sibi,</strong></span> <span class='ocrx_word' id='word_1_359' title='bbox 908 2780 957 2837; x_wconf 91' lang='lat' dir='ltr'><strong>sed</strong></span> <span class='ocrx_word' id='word_1_360' title='bbox 968 2795 1030 2837; x_wconf 89' lang='lat' dir='ltr'><strong>cor·</strong></span> <span class='ocrx_word' id='word_1_361' title='bbox 1084 2784 1111 2838; x_wconf 91' lang='lat' dir='ltr'><strong>iu</strong></span> <span class='ocrx_word' id='word_1_362' title='bbox 1126 2783 1252 2852; x_wconf 82' lang='lat' dir='ltr'><strong>avaritia,</strong></span> <span class='ocrx_word' id='word_1_363' title='bbox 1266 2782 1330 2838; x_wconf 92' lang='lat' dir='ltr'><strong>dum</strong></span> <span class='ocrx_word' id='word_1_364' title='bbox 1343 2795 1490 2851; x_wconf 87' lang='lat' dir='ltr'><strong>numquam</strong></span> <span class='ocrx_word' id='word_1_365' title='bbox 1504 2779 1667 2837; x_wconf 88' lang='lat' dir='ltr'><strong>luxuriando</strong></span> <span class='ocrx_word' id='word_1_366' title='bbox 1679 2779 1824 2849; x_wconf 89' lang='lat' dir='ltr'><strong>satiantur,</strong></span> <span class='ocrx_word' id='word_1_367' title='bbox 1838 2792 1893 2835; x_wconf 90' lang='lat' dir='ltr'><strong>nec</strong></span> 
     </span>
     <span class='ocr_line' id='line_1_28' title="bbox 233 2861 1892 2953; baseline 0.005 -31"><span class='ocrx_word' id='word_1_368' title='bbox 233 2868 292 2937; x_wconf 92' lang='lat' dir='ltr'><strong>pori</strong></span> <span class='ocrx_word' id='word_1_369' title='bbox 305 2869 455 2925; x_wconf 78' lang='lat' dir='ltr'><strong>uideantur</strong></span> <span class='ocrx_word' id='word_1_370' title='bbox 467 2871 571 2942; x_wconf 91' lang='lat' dir='ltr'><strong>angeri.</strong></span> <span class='ocrx_word' id='word_1_371' title='bbox 599 2868 665 2926; x_wconf 76' lang='lat' dir='ltr'><strong>ital</strong></span> <span class='ocrx_word' id='word_1_372' title='bbox 681 2870 765 2942; x_wconf 93' lang='lat' dir='ltr'><strong>igitur</strong></span> <span class='ocrx_word' id='word_1_373' title='bbox 775 2879 804 2927; x_wconf 93' lang='lat' dir='ltr'><strong>et</strong></span> <span class='ocrx_word' id='word_1_374' title='bbox 816 2871 842 2927; x_wconf 90' lang='lat' dir='ltr'><strong>in</strong></span> <span class='ocrx_word' id='word_1_375' title='bbox 857 2873 1032 2930; x_wconf 90' lang='lat' dir='ltr'><strong>restitutione</strong></span> <span class='ocrx_word' id='word_1_376' title='bbox 1082 2879 1165 2953; x_wconf 69' lang='lat'><strong>021</strong></span> <span class='ocrx_word' id='word_1_377' title='bbox 1188 2893 1284 2935; x_wconf 91' lang='lat' dir='ltr'><strong>eorum</strong></span> <span class='ocrx_word' id='word_1_378' title='bbox 1314 2861 1463 2934; x_wconf 90' lang='lat' dir='ltr'><strong>terminum</strong></span> <span class='ocrx_word' id='word_1_379' title='bbox 1487 2874 1569 2932; x_wconf 91' lang='lat' dir='ltr'><strong>babet</strong></span> <span class='ocrx_word' id='word_1_380' title='bbox 1583 2873 1721 2946; x_wconf 85' lang='lat' dir='ltr'><strong>uoluptas.</strong></span> <span class='ocrx_word' id='word_1_381' title='bbox 1734 2873 1789 2930; x_wconf 79' lang='lat' dir='ltr'><strong>hut</strong></span> <span class='ocrx_word' id='word_1_382' title='bbox 1811 2879 1892 2930; x_wconf 84' lang='lat' dir='ltr'><strong>certe</strong></span> 
     </span>
     <span class='ocr_line' id='line_1_29' title="bbox 232 2961 1890 3038; baseline 0.003 -21"><span class='ocrx_word' id='word_1_383' title='bbox 232 2961 377 3026; x_wconf 90' lang='lat' dir='ltr'><strong>omnium,</strong></span> <span class='ocrx_word' id='word_1_384' title='bbox 403 2961 513 3033; x_wconf 89' lang='lat' dir='ltr'><strong>quaudo</strong></span> <span class='ocrx_word' id='word_1_385' title='bbox 527 2977 628 3034; x_wconf 90' lang='lat' dir='ltr'><strong>corpus</strong></span> <span class='ocrx_word' id='word_1_386' title='bbox 650 2964 734 3019; x_wconf 90' lang='lat' dir='ltr'><strong>totius</strong></span> <span class='ocrx_word' id='word_1_387' title='bbox 757 2962 892 3020; x_wconf 80' lang='lat' dir='ltr'><strong>Ecclesiae</strong></span> <span class='ocrx_word' id='word_1_388' title='bbox 905 2980 976 3021; x_wconf 91' lang='lat' dir='ltr'><strong>nune</strong></span> <span class='ocrx_word' id='word_1_389' title='bbox 990 2965 1032 3021; x_wconf 90' lang='lat' dir='ltr'><strong>di·</strong></span> <span class='ocrx_word' id='word_1_390' title='bbox 1083 2972 1154 3027; x_wconf 89' lang='lat' dir='ltr'><strong>ultra</strong></span> <span class='ocrx_word' id='word_1_391' title='bbox 1171 2985 1331 3028; x_wconf 89' lang='lat' dir='ltr'><strong>concessam</strong></span> <span class='ocrx_word' id='word_1_392' title='bbox 1345 2971 1396 3024; x_wconf 89' lang='lat' dir='ltr'><strong>riri</strong></span> <span class='ocrx_word' id='word_1_393' title='bbox 1412 2969 1446 3024; x_wconf 90' lang='lat' dir='ltr'><strong>ad</strong></span> <span class='ocrx_word' id='word_1_394' title='bbox 1460 2967 1588 3024; x_wconf 86' lang='lat' dir='ltr'><strong>lerninam</strong></span> <span class='ocrx_word' id='word_1_395' title='bbox 1603 2965 1838 3038; x_wconf 70' lang='lat' dir='ltr'><strong>conpunctionem,</strong></span> <span class='ocrx_word' id='word_1_396' title='bbox 1852 2965 1890 3022; x_wconf 88' lang='lat' dir='ltr'><strong>ad</strong></span> 
     </span>
     <span class='ocr_line' id='line_1_30' title="bbox 231 3056 1891 3134; baseline 0.004 -26"><span class='ocrx_word' id='word_1_397' title='bbox 231 3068 356 3120; x_wconf 84' lang='lat' dir='ltr'><strong>spemurn</strong></span> <span class='ocrx_word' id='word_1_398' title='bbox 379 3064 461 3125; x_wconf 90' lang='lat' dir='ltr'><strong>atque</strong></span> <span class='ocrx_word' id='word_1_399' title='bbox 487 3056 656 3125; x_wconf 90' lang='lat' dir='ltr'><strong>laceratum,</strong></span> <span class='ocrx_word' id='word_1_400' title='bbox 676 3072 758 3115; x_wconf 83' lang='lat' dir='ltr'><strong>setus</strong></span> <span class='ocrx_word' id='word_1_401' title='bbox 773 3057 895 3116; x_wconf 90' lang='lat' dir='ltr'><strong>medicus</strong></span> <span class='ocrx_word' id='word_1_402' title='bbox 907 3058 1032 3117; x_wconf 84' lang='lat' dir='ltr'><strong>Christus</strong></span> <span class='ocrx_word' id='word_1_403' title='bbox 1084 3063 1186 3134; x_wconf 79' lang='lat' dir='ltr'><strong>majora</strong></span> <span class='ocrx_word' id='word_1_404' title='bbox 1196 3061 1397 3128; x_wconf 89' lang='lat' dir='ltr'><strong>conscendunt,</strong></span> <span class='ocrx_word' id='word_1_405' title='bbox 1412 3061 1529 3117; x_wconf 91' lang='lat' dir='ltr'><strong>masculi</strong></span> <span class='ocrx_word' id='word_1_406' title='bbox 1543 3061 1569 3117; x_wconf 91' lang='lat' dir='ltr'><strong>in</strong></span> <span class='ocrx_word' id='word_1_407' title='bbox 1585 3058 1723 3116; x_wconf 89' lang='lat' dir='ltr'><strong>masculos</strong></span> <span class='ocrx_word' id='word_1_408' title='bbox 1738 3059 1891 3130; x_wconf 88' lang='lat' dir='ltr'><strong>turpitudi-</strong></span> 
     </span>
     <span class='ocr_line' id='line_1_31' title="bbox 232 3145 1891 3224; baseline 0.004 -23"><span class='ocrx_word' id='word_1_409' title='bbox 232 3145 314 3202; x_wconf 84' lang='lat' dir='ltr'><strong>Jesus</strong></span> <span class='ocrx_word' id='word_1_410' title='bbox 336 3154 482 3204; x_wconf 87' lang='lat' dir='ltr'><strong>sanaturus</strong></span> <span class='ocrx_word' id='word_1_411' title='bbox 501 3148 659 3215; x_wconf 85' lang='lat' dir='ltr'><strong>advenerit,</strong></span> <span class='ocrx_word' id='word_1_412' title='bbox 679 3152 866 3224; x_wconf 89' lang='lat' dir='ltr'><strong>unusquisque</strong></span> <span class='ocrx_word' id='word_1_413' title='bbox 879 3155 1030 3212; x_wconf 86' lang='lat' dir='ltr'><strong>secundum</strong></span> <span class='ocrx_word' id='word_1_414' title='bbox 1084 3171 1145 3212; x_wconf 88' lang='lat' dir='ltr'><strong>neta</strong></span> <span class='ocrx_word' id='word_1_415' title='bbox 1167 3167 1325 3224; x_wconf 87' lang='lat' dir='ltr'><strong>operantes,</strong></span> <span class='ocrx_word' id='word_1_416' title='bbox 1342 3164 1371 3212; x_wconf 93' lang='lat' dir='ltr'><strong>et</strong></span> <span class='ocrx_word' id='word_1_417' title='bbox 1394 3153 1551 3210; x_wconf 82' lang='lat' dir='ltr'><strong>mercedem</strong></span> <span class='ocrx_word' id='word_1_418' title='bbox 1565 3153 1669 3209; x_wconf 87' lang='lat' dir='ltr'><strong>erroris</strong></span> <span class='ocrx_word' id='word_1_419' title='bbox 1681 3151 1724 3208; x_wconf 90' lang='lat' dir='ltr'><strong>sui</strong></span> <span class='ocrx_word' id='word_1_420' title='bbox 1738 3151 1767 3208; x_wconf 89' lang='lat' dir='ltr'><strong>in</strong></span> <span class='ocrx_word' id='word_1_421' title='bbox 1782 3159 1891 3209; x_wconf 89' lang='lat' dir='ltr'><strong>semet·</strong></span> 
     </span>
     <span class='ocr_line' id='line_1_32' title="bbox 234 3229 1892 3323; baseline 0.005 -30"><span class='ocrx_word' id='word_1_422' title='bbox 234 3253 389 3295; x_wconf 87' lang='lat' dir='ltr'><strong>mensurant</strong></span> <span class='ocrx_word' id='word_1_423' title='bbox 406 3240 489 3309; x_wconf 87' lang='lat' dir='ltr'><strong>lidei,</strong></span> <span class='ocrx_word' id='word_1_424' title='bbox 505 3250 533 3297; x_wconf 89' lang='lat' dir='ltr'><strong>ct</strong></span> <span class='ocrx_word' id='word_1_425' title='bbox 549 3243 697 3315; x_wconf 82' lang='lat' dir='ltr'><strong>agnitionis</strong></span> <span class='ocrx_word' id='word_1_426' title='bbox 717 3244 781 3301; x_wconf 83' lang='lat' dir='ltr'><strong>Filii</strong></span> <span class='ocrx_word' id='word_1_427' title='bbox 795 3245 844 3302; x_wconf 83' lang='lat' dir='ltr'><strong>liei</strong></span> <span class='ocrx_word' id='word_1_428' title='bbox 859 3246 955 3319; x_wconf 88' lang='lat' dir='ltr'><strong>(quem</strong></span> <span class='ocrx_word' id='word_1_429' title='bbox 969 3248 1032 3307; x_wconf 85' lang='lat' dir='ltr'><strong>ideo</strong></span> <span class='ocrx_word' id='word_1_430' title='bbox 1045 3229 1069 3294; x_wconf 76' lang='lat' dir='ltr'>C</span> <span class='ocrx_word' id='word_1_431' title='bbox 1085 3252 1154 3323; x_wconf 88' lang='lat' dir='ltr'><strong>ipsis</strong></span> <span class='ocrx_word' id='word_1_432' title='bbox 1169 3249 1343 3322; x_wconf 90' lang='lat' dir='ltr'><strong>recipientes.</strong></span> <span class='ocrx_word' id='word_1_433' title='bbox 1365 3247 1480 3305; x_wconf 73' lang='lat' dir='ltr'><strong>vanitas</strong></span> <span class='ocrx_word' id='word_1_434' title='bbox 1497 3261 1606 3315; x_wconf 90' lang='lat' dir='ltr'><strong>seusus,</strong></span> <span class='ocrx_word' id='word_1_435' title='bbox 1630 3255 1658 3304; x_wconf 92' lang='lat' dir='ltr'><strong>ct</strong></span> <span class='ocrx_word' id='word_1_436' title='bbox 1673 3245 1773 3302; x_wconf 90' lang='lat' dir='ltr'><strong>mentis</strong></span> <span class='ocrx_word' id='word_1_437' title='bbox 1789 3246 1892 3302; x_wconf 91' lang='lat' dir='ltr'><strong>ohscu-</strong></span> 
     </span>
     <span class='ocr_line' id='line_1_33' title="bbox 235 3332 1890 3412; baseline 0.006 -27"><span class='ocrx_word' id='word_1_438' title='bbox 235 3346 388 3402; x_wconf 89' lang='lat' dir='ltr'><strong>agnoscere</strong></span> <span class='ocrx_word' id='word_1_439' title='bbox 410 3332 519 3406; x_wconf 92' lang='lat' dir='ltr'><strong>dicitur,</strong></span> <span class='ocrx_word' id='word_1_440' title='bbox 548 3336 612 3406; x_wconf 91' lang='lat' dir='ltr'><strong>quia</strong></span> <span class='ocrx_word' id='word_1_441' title='bbox 634 3336 711 3408; x_wconf 92' lang='lat' dir='ltr'><strong>prius</strong></span> <span class='ocrx_word' id='word_1_442' title='bbox 735 3349 867 3408; x_wconf 81' lang='lat' dir='ltr'><strong>nouerat,</strong></span> <span class='ocrx_word' id='word_1_443' title='bbox 887 3351 916 3398; x_wconf 87' lang='lat' dir='ltr'><strong>et</strong></span> <span class='ocrx_word' id='word_1_444' title='bbox 939 3353 1033 3412; x_wconf 90' lang='lat' dir='ltr'><strong>postea</strong></span> <span class='ocrx_word' id='word_1_445' title='bbox 1085 3346 1173 3412; x_wconf 90' lang='lat' dir='ltr'><strong>ritas,</strong></span> <span class='ocrx_word' id='word_1_446' title='bbox 1189 3342 1315 3401; x_wconf 85' lang='lat' dir='ltr'><strong>bilariam</strong></span> <span class='ocrx_word' id='word_1_447' title='bbox 1330 3341 1477 3410; x_wconf 80' lang='lat' dir='ltr'><strong>dividitur,</strong></span> <span class='ocrx_word' id='word_1_448' title='bbox 1498 3342 1527 3398; x_wconf 92' lang='lat' dir='ltr'><strong>in</strong></span> <span class='ocrx_word' id='word_1_449' title='bbox 1541 3338 1636 3396; x_wconf 84' lang='lat' dir='ltr'><strong>saculi</strong></span> <span class='ocrx_word' id='word_1_450' title='bbox 1659 3338 1741 3409; x_wconf 80' lang='lat' dir='ltr'><strong>huius</strong></span> <span class='ocrx_word' id='word_1_451' title='bbox 1764 3339 1890 3410; x_wconf 85' lang='lat' dir='ltr'><strong>negotia,</strong></span> 
     </span>
     <span class='ocr_line' id='line_1_34' title="bbox 233 3425 1890 3509; baseline 0.007 -29"><span class='ocrx_word' id='word_1_452' title='bbox 233 3439 316 3482; x_wconf 87' lang='lat' dir='ltr'><strong>nosse</strong></span> <span class='ocrx_word' id='word_1_453' title='bbox 340 3425 461 3498; x_wconf 85' lang='lat' dir='ltr'><strong>desiuit)</strong></span> <span class='ocrx_word' id='word_1_454' title='bbox 482 3443 561 3485; x_wconf 89' lang='lat' dir='ltr'><strong>suurn</strong></span> <span class='ocrx_word' id='word_1_455' title='bbox 584 3429 700 3503; x_wconf 89' lang='lat' dir='ltr'><strong>recipiet</strong></span> <span class='ocrx_word' id='word_1_456' title='bbox 713 3431 822 3501; x_wconf 87' lang='lat' dir='ltr'><strong>locum,</strong></span> <span class='ocrx_word' id='word_1_457' title='bbox 837 3442 865 3492; x_wconf 90' lang='lat' dir='ltr'><strong>et</strong></span> <span class='ocrx_word' id='word_1_458' title='bbox 880 3434 992 3507; x_wconf 91' lang='lat' dir='ltr'><strong>incipiet</strong></span> <span class='ocrx_word' id='word_1_459' title='bbox 1006 3436 1035 3494; x_wconf 89' lang='lat' dir='ltr'><strong>id</strong></span> <span class='ocrx_word' id='word_1_460' title='bbox 1085 3451 1113 3498; x_wconf 88' lang='lat' dir='ltr'><strong>et</strong></span> <span class='ocrx_word' id='word_1_461' title='bbox 1126 3441 1152 3497; x_wconf 90' lang='lat' dir='ltr'><strong>in</strong></span> <span class='ocrx_word' id='word_1_462' title='bbox 1166 3439 1330 3509; x_wconf 89' lang='lat' dir='ltr'><strong>sapientiam</strong></span> <span class='ocrx_word' id='word_1_463' title='bbox 1341 3439 1501 3495; x_wconf 71' lang='lat' dir='ltr'><strong>saecularem</strong></span> <span class='ocrx_word' id='word_1_464' title='bbox 1520 3454 1527 3491; x_wconf 84' lang='lat' dir='ltr'><strong>a</strong></span> <span class='ocrx_word' id='word_1_465' title='bbox 1542 3435 1652 3507; x_wconf 91' lang='lat' dir='ltr'><strong>quando</strong></span> <span class='ocrx_word' id='word_1_466' title='bbox 1663 3444 1711 3491; x_wconf 88' lang='lat' dir='ltr'><strong>aut</strong></span> <span class='ocrx_word' id='word_1_467' title='bbox 1724 3435 1753 3491; x_wconf 90' lang='lat' dir='ltr'><strong>in</strong></span> <span class='ocrx_word' id='word_1_468' title='bbox 1767 3433 1812 3491; x_wconf 91' lang='lat' dir='ltr'><strong>his</strong></span> <span class='ocrx_word' id='word_1_469' title='bbox 1824 3449 1890 3506; x_wconf 67' lang='lat' dir='ltr'><strong>quat</strong></span> 
     </span>
     <span class='ocr_line' id='line_1_35' title="bbox 232 3517 1890 3604; baseline 0.008 -32"><span class='ocrx_word' id='word_1_470' title='bbox 232 3531 295 3573; x_wconf 89' lang='lat' dir='ltr'><strong>esse</strong></span> <span class='ocrx_word' id='word_1_471' title='bbox 319 3517 393 3590; x_wconf 91' lang='lat' dir='ltr'><strong>quod</strong></span> <span class='ocrx_word' id='word_1_472' title='bbox 414 3519 511 3576; x_wconf 85' lang='lat' dir='ltr'><strong>tuerat.</strong></span> <span class='ocrx_word' id='word_1_473' title='bbox 547 3521 587 3578; x_wconf 89' lang='lat' dir='ltr'><strong>lta</strong></span> <span class='ocrx_word' id='word_1_474' title='bbox 607 3531 699 3580; x_wconf 75' lang='lat' dir='ltr'><strong>umen</strong></span> <span class='ocrx_word' id='word_1_475' title='bbox 715 3535 812 3582; x_wconf 93' lang='lat' dir='ltr'><strong>utnon</strong></span> <span class='ocrx_word' id='word_1_476' title='bbox 824 3524 1034 3597; x_wconf 69' lang='lat' dir='ltr'><strong>tarraconam</strong></span> <span class='ocrx_word' id='word_1_477' title='bbox 1085 3527 1890 3604; x_wconf 83' lang='lat' dir='ltr'><strong>mnndihujussunt,etcitotrauseunt,detinemur,aut</strong></span> 
     </span>
     <span class='ocr_line' id='line_1_36' title="bbox 231 3609 1889 3698; baseline 0.002 -22"><span class='ocrx_word' id='word_1_478' title='bbox 231 3609 379 3677; x_wconf 61' lang='lat' dir='ltr'><strong>haelfflim.</strong></span> <span class='ocrx_word' id='word_1_479' title='bbox 404 3628 502 3670; x_wconf 76' lang='grc'><strong>1111111111</strong></span> <span class='ocrx_word' id='word_1_480' title='bbox 524 3614 552 3670; x_wconf 72' lang='lat' dir='ltr'><strong>in</strong></span> <span class='ocrx_word' id='word_1_481' title='bbox 570 3629 623 3670; x_wconf 73' lang='lat'><strong>⁰¹¹³</strong></span> <span class='ocrx_word' id='word_1_482' title='bbox 646 3623 729 3674; x_wconf 74' lang='lat' dir='ltr'><strong>aeltle</strong></span> <span class='ocrx_word' id='word_1_483' title='bbox 742 3617 800 3675; x_wconf 69' lang='lat' dir='ltr'><strong>sini</strong></span> <span class='ocrx_word' id='word_1_484' title='bbox 813 3619 913 3689; x_wconf 85' lang='lat' dir='ltr'><strong>positi,</strong></span> <span class='ocrx_word' id='word_1_485' title='bbox 928 3618 956 3676; x_wconf 82' lang='lat' dir='ltr'><strong>id</strong></span> <span class='ocrx_word' id='word_1_486' title='bbox 970 3630 1032 3678; x_wconf 73' lang='lat' dir='ltr'><strong>est:</strong></span> <span class='ocrx_word' id='word_1_487' title='bbox 1086 3643 1138 3685; x_wconf 88' lang='lat' dir='ltr'><strong>nort</strong></span> <span class='ocrx_word' id='word_1_488' title='bbox 1156 3625 1296 3697; x_wconf 87' lang='lat' dir='ltr'><strong>prolatura</strong></span> <span class='ocrx_word' id='word_1_489' title='bbox 1309 3627 1513 3698; x_wconf 89' lang='lat' dir='ltr'><strong>cognoscimus.</strong></span> <span class='ocrx_word' id='word_1_490' title='bbox 1525 3622 1624 3680; x_wconf 87' lang='lat' dir='ltr'><strong>Nonne</strong></span> <span class='ocrx_word' id='word_1_491' title='bbox 1639 3621 1717 3680; x_wconf 85' lang='lat' dir='ltr'><strong>robis</strong></span> <span class='ocrx_word' id='word_1_492' title='bbox 1732 3621 1842 3679; x_wconf 81' lang='lat' dir='ltr'><strong>ridetur</strong></span> <span class='ocrx_word' id='word_1_493' title='bbox 1861 3623 1889 3679; x_wconf 91' lang='lat' dir='ltr'><strong>in</strong></span> 
     </span>
     <span class='ocr_line' id='line_1_37' title="bbox 232 3704 1892 3788; baseline 0.008 -29"><span class='ocrx_word' id='word_1_494' title='bbox 232 3716 330 3760; x_wconf 89' lang='lat' dir='ltr'><strong>omnes</strong></span> <span class='ocrx_word' id='word_1_495' title='bbox 354 3704 381 3759; x_wconf 93' lang='lat' dir='ltr'><strong>in</strong></span> <span class='ocrx_word' id='word_1_496' title='bbox 398 3705 511 3777; x_wconf 89' lang='lat' dir='ltr'><strong>angelos</strong></span> <span class='ocrx_word' id='word_1_497' title='bbox 533 3707 741 3766; x_wconf 73' lang='lat' dir='ltr'><strong>reformentur:</strong></span> <span class='ocrx_word' id='word_1_498' title='bbox 759 3709 808 3767; x_wconf 90' lang='lat' dir='ltr'><strong>sed</strong></span> <span class='ocrx_word' id='word_1_499' title='bbox 821 3713 1035 3784; x_wconf 89' lang='lat' dir='ltr'><strong>unumquodque</strong></span> <span class='ocrx_word' id='word_1_500' title='bbox 1086 3719 1209 3776; x_wconf 82' lang='lat' dir='ltr'><strong>sanitate</strong></span> <span class='ocrx_word' id='word_1_501' title='bbox 1236 3733 1334 3776; x_wconf 87' lang='lat' dir='ltr'><strong>sensus</strong></span> <span class='ocrx_word' id='word_1_502' title='bbox 1354 3728 1382 3774; x_wconf 91' lang='lat' dir='ltr'><strong>ct</strong></span> <span class='ocrx_word' id='word_1_503' title='bbox 1400 3716 1569 3774; x_wconf 87' lang='lat' dir='ltr'><strong>obscuritate</strong></span> <span class='ocrx_word' id='word_1_504' title='bbox 1589 3715 1692 3774; x_wconf 83' lang='lat' dir='ltr'><strong>mentis</strong></span> <span class='ocrx_word' id='word_1_505' title='bbox 1706 3714 1827 3787; x_wconf 88' lang='lat' dir='ltr'><strong>ingredi,</strong></span> <span class='ocrx_word' id='word_1_506' title='bbox 1842 3716 1892 3788; x_wconf 89' lang='lat' dir='ltr'><strong>qui</strong></span> 
     </span>
     <span class='ocr_line' id='line_1_38' title="bbox 234 3795 1888 3881; baseline 0.002 -21"><span class='ocrx_word' id='word_1_507' title='bbox 234 3795 388 3852; x_wconf 69' lang='lat' dir='ltr'><strong>mentimini</strong></span> <span class='ocrx_word' id='word_1_508' title='bbox 401 3799 480 3869; x_wconf 71' lang='lat' dir='ltr'><strong>Juxta</strong></span> <span class='ocrx_word' id='word_1_509' title='bbox 495 3815 652 3856; x_wconf 77' lang='lat' dir='ltr'><strong>mensuram</strong></span> <span class='ocrx_word' id='word_1_510' title='bbox 669 3810 698 3860; x_wconf 86' lang='lat' dir='ltr'><strong>et</strong></span> <span class='ocrx_word' id='word_1_511' title='bbox 713 3801 832 3860; x_wconf 83' lang='lat' dir='ltr'><strong>atteiam</strong></span> <span class='ocrx_word' id='word_1_512' title='bbox 846 3819 927 3861; x_wconf 86' lang='lat' dir='ltr'><strong>suum</strong></span> <span class='ocrx_word' id='word_1_513' title='bbox 940 3807 1032 3877; x_wconf 87' lang='lat' dir='ltr'><strong>perie-</strong></span> <span class='ocrx_word' id='word_1_514' title='bbox 1085 3813 1182 3871; x_wconf 89' lang='lat' dir='ltr'><strong>diebus</strong></span> <span class='ocrx_word' id='word_1_515' title='bbox 1199 3827 1230 3869; x_wconf 89' lang='lat' dir='ltr'><strong>ac</strong></span> <span class='ocrx_word' id='word_1_516' title='bbox 1244 3811 1369 3869; x_wconf 88' lang='lat' dir='ltr'><strong>nectibus</strong></span> <span class='ocrx_word' id='word_1_517' title='bbox 1384 3811 1411 3866; x_wconf 92' lang='lat' dir='ltr'><strong>in</strong></span> <span class='ocrx_word' id='word_1_518' title='bbox 1422 3809 1565 3866; x_wconf 88' lang='lat' dir='ltr'><strong>dialectica</strong></span> <span class='ocrx_word' id='word_1_519' title='bbox 1580 3817 1640 3864; x_wconf 91' lang='lat' dir='ltr'><strong>arte</strong></span> <span class='ocrx_word' id='word_1_520' title='bbox 1656 3815 1821 3879; x_wconf 90' lang='lat' dir='ltr'><strong>torquetur:</strong></span> <span class='ocrx_word' id='word_1_521' title='bbox 1839 3809 1888 3881; x_wconf 93' lang='lat' dir='ltr'><strong>qui</strong></span> 
     </span>
     <span class='ocr_line' id='line_1_39' title="bbox 232 3891 1891 3980; baseline 0.008 -34"><span class='ocrx_word' id='word_1_522' title='bbox 232 3897 307 3946; x_wconf 91' lang='lat' dir='ltr'><strong>ctum</strong></span> <span class='ocrx_word' id='word_1_523' title='bbox 319 3891 370 3947; x_wconf 91' lang='lat' dir='ltr'><strong>sit:</strong></span> <span class='ocrx_word' id='word_1_524' title='bbox 384 3891 469 3966; x_wconf 70' lang='lat'><strong>020</strong></span> <span class='ocrx_word' id='word_1_525' title='bbox 483 3893 561 3950; x_wconf 89' lang='lat' dir='ltr'><strong>verbi</strong></span> <span class='ocrx_word' id='word_1_526' title='bbox 575 3897 685 3966; x_wconf 90' lang='lat' dir='ltr'><strong>gratia,</strong></span> <span class='ocrx_word' id='word_1_527' title='bbox 706 3907 737 3953; x_wconf 89' lang='lat' dir='ltr'><strong>ut</strong></span> <span class='ocrx_word' id='word_1_528' title='bbox 755 3898 871 3971; x_wconf 89' lang='lat' dir='ltr'><strong>augelus</strong></span> <span class='ocrx_word' id='word_1_529' title='bbox 893 3899 989 3973; x_wconf 88' lang='lat' dir='ltr'><strong>reluga</strong></span> <span class='ocrx_word' id='word_1_530' title='bbox 1006 3901 1033 3959; x_wconf 92' lang='lat' dir='ltr'><strong>id</strong></span> <span class='ocrx_word' id='word_1_531' title='bbox 1083 3906 1214 3980; x_wconf 88' lang='lat' dir='ltr'><strong>physicus</strong></span> <span class='ocrx_word' id='word_1_532' title='bbox 1229 3912 1416 3977; x_wconf 83' lang='lat' dir='ltr'><strong>perscrutator</strong></span> <span class='ocrx_word' id='word_1_533' title='bbox 1430 3903 1527 3959; x_wconf 90' lang='lat' dir='ltr'><strong>oculos</strong></span> <span class='ocrx_word' id='word_1_534' title='bbox 1540 3912 1618 3959; x_wconf 88' lang='lat' dir='ltr'><strong>trans</strong></span> <span class='ocrx_word' id='word_1_535' title='bbox 1635 3901 1735 3958; x_wconf 87' lang='lat' dir='ltr'><strong>coelum</strong></span> <span class='ocrx_word' id='word_1_536' title='bbox 1753 3901 1845 3968; x_wconf 80' lang='lat' dir='ltr'><strong>leuat,</strong></span> <span class='ocrx_word' id='word_1_537' title='bbox 1861 3913 1891 3959; x_wconf 91' lang='lat' dir='ltr'><strong>et</strong></span> 
     </span>
     <span class='ocr_line' id='line_1_40' title="bbox 231 3985 1890 4070; baseline 0.005 -28"><span class='ocrx_word' id='word_1_538' title='bbox 231 3998 294 4042; x_wconf 90' lang='lat' dir='ltr'><strong>esse</strong></span> <span class='ocrx_word' id='word_1_539' title='bbox 306 3985 419 4057; x_wconf 91' lang='lat' dir='ltr'><strong>incipiat</strong></span> <span class='ocrx_word' id='word_1_540' title='bbox 431 3988 504 4060; x_wconf 89' lang='lat' dir='ltr'><strong>quod</strong></span> <span class='ocrx_word' id='word_1_541' title='bbox 517 4000 628 4046; x_wconf 90' lang='lat' dir='ltr'><strong>creatus</strong></span> <span class='ocrx_word' id='word_1_542' title='bbox 640 4000 701 4047; x_wconf 83' lang='lat' dir='ltr'><strong>est:</strong></span> <span class='ocrx_word' id='word_1_543' title='bbox 716 4001 744 4047; x_wconf 92' lang='grc' dir='ltr'><strong>ιι</strong></span> <span class='ocrx_word' id='word_1_544' title='bbox 756 3993 855 4063; x_wconf 87' lang='grc' dir='ltr'>Ιιιιιιο,</span> <span class='ocrx_word' id='word_1_545' title='bbox 878 3995 971 4066; x_wconf 89' lang='lat' dir='ltr'><strong>quide</strong></span> <span class='ocrx_word' id='word_1_546' title='bbox 984 4011 1033 4067; x_wconf 90' lang='lat' dir='ltr'><strong>pa·</strong></span> <span class='ocrx_word' id='word_1_547' title='bbox 1085 4000 1155 4058; x_wconf 89' lang='lat' dir='ltr'><strong>ultra</strong></span> <span class='ocrx_word' id='word_1_548' title='bbox 1171 3997 1336 4070; x_wconf 91' lang='lat' dir='ltr'><strong>prolundum</strong></span> <span class='ocrx_word' id='word_1_549' title='bbox 1352 4006 1486 4054; x_wconf 90' lang='lat' dir='ltr'><strong>terrarum</strong></span> <span class='ocrx_word' id='word_1_550' title='bbox 1502 4004 1531 4052; x_wconf 92' lang='lat' dir='ltr'><strong>et</strong></span> <span class='ocrx_word' id='word_1_551' title='bbox 1544 3995 1636 4070; x_wconf 81' lang='lat' dir='ltr'><strong>abyssi</strong></span> <span class='ocrx_word' id='word_1_552' title='bbox 1652 3993 1790 4066; x_wconf 89' lang='lat' dir='ltr'><strong>quoddam</strong></span> <span class='ocrx_word' id='word_1_553' title='bbox 1806 3994 1890 4050; x_wconf 87' lang='lat' dir='ltr'><strong>inane</strong></span> 
     </span>
     <span class='ocr_line' id='line_1_41' title="bbox 231 4079 1888 4165; baseline 0.004 -31"><span class='ocrx_word' id='word_1_554' title='bbox 231 4079 324 4136; x_wconf 89' lang='lat' dir='ltr'><strong>radiso</strong></span> <span class='ocrx_word' id='word_1_555' title='bbox 347 4079 437 4136; x_wconf 89' lang='lat' dir='ltr'><strong>luerat</strong></span> <span class='ocrx_word' id='word_1_556' title='bbox 456 4081 578 4153; x_wconf 78' lang='lat' dir='ltr'><strong>ejectus,</strong></span> <span class='ocrx_word' id='word_1_557' title='bbox 599 4083 634 4140; x_wconf 93' lang='lat' dir='ltr'><strong>ad</strong></span> <span class='ocrx_word' id='word_1_558' title='bbox 647 4085 784 4142; x_wconf 88' lang='lat' dir='ltr'><strong>culturam</strong></span> <span class='ocrx_word' id='word_1_559' title='bbox 798 4085 898 4145; x_wconf 89' lang='lat' dir='ltr'><strong>iterum</strong></span> <span class='ocrx_word' id='word_1_560' title='bbox 912 4089 1032 4160; x_wconf 87' lang='lat' dir='ltr'><strong>paradisi</strong></span> <span class='ocrx_word' id='word_1_561' title='bbox 1084 4093 1219 4164; x_wconf 88' lang='lat' dir='ltr'><strong>demergit</strong></span> <span class='ocrx_word' id='word_1_562' title='bbox 1233 4089 1288 4165; x_wconf 79' lang='lat' dir='ltr'><strong>[dl.</strong></span> <span class='ocrx_word' id='word_1_563' title='bbox 1310 4087 1506 4162; x_wconf 87' lang='lat' dir='ltr'><strong>demergitur],</strong></span> <span class='ocrx_word' id='word_1_564' title='bbox 1520 4089 1567 4160; x_wconf 93' lang='lat' dir='ltr'><strong>qui</strong></span> <span class='ocrx_word' id='word_1_565' title='bbox 1590 4086 1711 4143; x_wconf 87' lang='lat' dir='ltr'><strong>iambum</strong></span> <span class='ocrx_word' id='word_1_566' title='bbox 1730 4087 1825 4155; x_wconf 91' lang='lat' dir='ltr'><strong>struit,</strong></span> <span class='ocrx_word' id='word_1_567' title='bbox 1841 4085 1888 4157; x_wconf 92' lang='lat' dir='ltr'><strong>qui</strong></span> 
     </span>
     <span class='ocr_line' id='line_1_42' title="bbox 231 4173 1887 4250; baseline 0.005 -22"><span class='ocrx_word' id='word_1_568' title='bbox 231 4173 403 4230; x_wconf 89' lang='lat' dir='ltr'><strong>restituatur.</strong></span> <span class='ocrx_word' id='word_1_569' title='bbox 415 4173 468 4230; x_wconf 84' lang='lat' dir='ltr'><strong>ista</strong></span> <span class='ocrx_word' id='word_1_570' title='bbox 481 4184 572 4233; x_wconf 90' lang='lat' dir='ltr'><strong>autetu</strong></span> <span class='ocrx_word' id='word_1_571' title='bbox 586 4179 715 4236; x_wconf 83' lang='lat' dir='ltr'><strong>universa</strong></span> <span class='ocrx_word' id='word_1_572' title='bbox 729 4179 770 4236; x_wconf 93' lang='lat' dir='ltr'><strong>sic</strong></span> <span class='ocrx_word' id='word_1_573' title='bbox 784 4179 861 4250; x_wconf 83' lang='lat' dir='ltr'><strong>deut,</strong></span> <span class='ocrx_word' id='word_1_574' title='bbox 874 4191 905 4238; x_wconf 94' lang='lat' dir='ltr'><strong>ut</strong></span> <span class='ocrx_word' id='word_1_575' title='bbox 916 4183 1032 4243; x_wconf 81' lang='lat' dir='ltr'><strong>invicem</strong></span> <span class='ocrx_word' id='word_1_576' title='bbox 1085 4196 1189 4243; x_wconf 73' lang='lat' dir='ltr'><strong>mattam</strong></span> <span class='ocrx_word' id='word_1_577' title='bbox 1211 4194 1363 4242; x_wconf 90' lang='lat' dir='ltr'><strong>metrorum</strong></span> <span class='ocrx_word' id='word_1_578' title='bbox 1388 4183 1483 4240; x_wconf 83' lang='lat' dir='ltr'><strong>silvam</strong></span> <span class='ocrx_word' id='word_1_579' title='bbox 1507 4183 1535 4239; x_wconf 90' lang='lat' dir='ltr'><strong>in</strong></span> <span class='ocrx_word' id='word_1_580' title='bbox 1558 4195 1609 4238; x_wconf 91' lang='lat' dir='ltr'><strong>suo</strong></span> <span class='ocrx_word' id='word_1_581' title='bbox 1635 4180 1774 4238; x_wconf 89' lang='lat' dir='ltr'><strong>studiosus</strong></span> <span class='ocrx_word' id='word_1_582' title='bbox 1801 4181 1887 4237; x_wconf 90' lang='lat' dir='ltr'><strong>corde</strong></span> 
     </span>
     <span class='ocr_line' id='line_1_43' title="bbox 233 4264 1887 4350; baseline 0.005 -30"><span class='ocrx_word' id='word_1_583' title='bbox 233 4264 307 4320; x_wconf 91' lang='lat' dir='ltr'><strong>iuter</strong></span> <span class='ocrx_word' id='word_1_584' title='bbox 333 4279 363 4322; x_wconf 90' lang='lat' dir='ltr'><strong>se</strong></span> <span class='ocrx_word' id='word_1_585' title='bbox 386 4266 522 4325; x_wconf 84' lang='lat' dir='ltr'><strong>charitate</strong></span> <span class='ocrx_word' id='word_1_586' title='bbox 544 4269 714 4341; x_wconf 84' lang='lat' dir='ltr'><strong>jungantur:</strong></span> <span class='ocrx_word' id='word_1_587' title='bbox 740 4285 768 4330; x_wconf 92' lang='lat' dir='ltr'><strong>et</strong></span> <span class='ocrx_word' id='word_1_588' title='bbox 793 4275 857 4331; x_wconf 91' lang='lat' dir='ltr'><strong>dum</strong></span> <span class='ocrx_word' id='word_1_589' title='bbox 877 4280 1033 4350; x_wconf 85' lang='lat' dir='ltr'><strong>cortgaudet</strong></span> <span class='ocrx_word' id='word_1_590' title='bbox 1085 4277 1227 4350; x_wconf 88' lang='lat' dir='ltr'><strong>distinguit</strong></span> <span class='ocrx_word' id='word_1_591' title='bbox 1241 4286 1270 4333; x_wconf 92' lang='lat' dir='ltr'><strong>et</strong></span> <span class='ocrx_word' id='word_1_592' title='bbox 1281 4276 1407 4347; x_wconf 90' lang='lat' dir='ltr'><strong>congerit</strong></span> <span class='ocrx_word' id='word_1_593' title='bbox 1422 4293 1427 4330; x_wconf 95' lang='lat'><strong>:</strong></span> <span class='ocrx_word' id='word_1_594' title='bbox 1441 4285 1469 4332; x_wconf 90' lang='lat' dir='ltr'><strong>ct</strong></span> <span class='ocrx_word' id='word_1_595' title='bbox 1483 4277 1527 4346; x_wconf 87' lang='lat' dir='ltr'><strong>(ut</strong></span> <span class='ocrx_word' id='word_1_596' title='bbox 1540 4275 1655 4331; x_wconf 88' lang='lat' dir='ltr'><strong>alteram</strong></span> <span class='ocrx_word' id='word_1_597' title='bbox 1671 4281 1778 4344; x_wconf 89' lang='lat' dir='ltr'><strong>partem</strong></span> <span class='ocrx_word' id='word_1_598' title='bbox 1794 4281 1887 4328; x_wconf 89' lang='lat' dir='ltr'><strong>trans·</strong></span> 
     </span>
     <span class='ocr_line' id='line_1_44' title="bbox 233 4356 1888 4445; baseline 0.008 -35"><span class='ocrx_word' id='word_1_599' title='bbox 233 4356 388 4413; x_wconf 89' lang='lat' dir='ltr'><strong>membrum</strong></span> <span class='ocrx_word' id='word_1_600' title='bbox 405 4360 539 4428; x_wconf 91' lang='lat' dir='ltr'><strong>membro,</strong></span> <span class='ocrx_word' id='word_1_601' title='bbox 555 4364 622 4418; x_wconf 93' lang='lat' dir='ltr'><strong>etin</strong></span> <span class='ocrx_word' id='word_1_602' title='bbox 639 4364 754 4422; x_wconf 90' lang='lat' dir='ltr'><strong>alterius</strong></span> <span class='ocrx_word' id='word_1_603' title='bbox 768 4370 943 4438; x_wconf 88' lang='lat' dir='ltr'><strong>protectione</strong></span> <span class='ocrx_word' id='word_1_604' title='bbox 955 4371 1032 4430; x_wconf 82' lang='lat' dir='ltr'><strong>laets-</strong></span> <span class='ocrx_word' id='word_1_605' title='bbox 1084 4371 1156 4445; x_wconf 89' lang='lat' dir='ltr'><strong>eam)</strong></span> <span class='ocrx_word' id='word_1_606' title='bbox 1172 4370 1219 4442; x_wconf 89' lang='lat' dir='ltr'><strong>qui</strong></span> <span class='ocrx_word' id='word_1_607' title='bbox 1232 4369 1339 4426; x_wconf 86' lang='lat' dir='ltr'><strong>diuitias</strong></span> <span class='ocrx_word' id='word_1_608' title='bbox 1353 4384 1402 4440; x_wconf 88' lang='lat' dir='ltr'><strong>per</strong></span> <span class='ocrx_word' id='word_1_609' title='bbox 1419 4367 1460 4424; x_wconf 90' lang='lat' dir='ltr'><strong>las</strong></span> <span class='ocrx_word' id='word_1_610' title='bbox 1474 4379 1502 4424; x_wconf 92' lang='lat' dir='ltr'><strong>ct</strong></span> <span class='ocrx_word' id='word_1_611' title='bbox 1518 4365 1594 4424; x_wconf 90' lang='lat' dir='ltr'><strong>nelas</strong></span> <span class='ocrx_word' id='word_1_612' title='bbox 1616 4365 1715 4438; x_wconf 71' lang='lat' dir='ltr'><strong>quaerit</strong></span> <span class='ocrx_word' id='word_1_613' title='bbox 1730 4383 1738 4420; x_wconf 76' lang='grc' dir='ltr'><strong>ι</strong></span> <span class='ocrx_word' id='word_1_614' title='bbox 1753 4364 1804 4438; x_wconf 91' lang='lat' dir='ltr'><strong>qui</strong></span> <span class='ocrx_word' id='word_1_615' title='bbox 1818 4365 1888 4423; x_wconf 91' lang='lat' dir='ltr'><strong>adu-</strong></span> 
     </span>
     <span class='ocr_line' id='line_1_45' title="bbox 234 4450 1888 4536; baseline 0.006 -30"><span class='ocrx_word' id='word_1_616' title='bbox 234 4461 289 4520; x_wconf 91' lang='lat' dir='ltr'><strong>tur‚</strong></span> <span class='ocrx_word' id='word_1_617' title='bbox 307 4450 408 4510; x_wconf 74' lang='lat' dir='ltr'><strong>Christi</strong></span> <span class='ocrx_word' id='word_1_618' title='bbox 422 4467 538 4524; x_wconf 86' lang='lat' dir='ltr'><strong>corpus,</strong></span> <span class='ocrx_word' id='word_1_619' title='bbox 570 4456 695 4515; x_wconf 81' lang='lat' dir='ltr'><strong>Ecclesia</strong></span> <span class='ocrx_word' id='word_1_620' title='bbox 710 4459 910 4531; x_wconf 83' lang='lat' dir='ltr'><strong>primitivorum</strong></span> <span class='ocrx_word' id='word_1_621' title='bbox 927 4463 1032 4524; x_wconf 91' lang='lat' dir='ltr'><strong>habitet</strong></span> <span class='ocrx_word' id='word_1_622' title='bbox 1084 4465 1154 4522; x_wconf 91' lang='lat' dir='ltr'><strong>latur</strong></span> <span class='ocrx_word' id='word_1_623' title='bbox 1167 4463 1290 4536; x_wconf 90' lang='lat' dir='ltr'><strong>regibus,</strong></span> <span class='ocrx_word' id='word_1_624' title='bbox 1312 4460 1487 4518; x_wconf 76' lang='lat' dir='ltr'><strong>haereditates</strong></span> <span class='ocrx_word' id='word_1_625' title='bbox 1509 4467 1600 4533; x_wconf 88' lang='lat' dir='ltr'><strong>captat</strong></span> <span class='ocrx_word' id='word_1_626' title='bbox 1623 4459 1738 4525; x_wconf 87' lang='lat' dir='ltr'><strong>alienas.</strong></span> <span class='ocrx_word' id='word_1_627' title='bbox 1763 4468 1793 4516; x_wconf 90' lang='lat' dir='ltr'><strong>et</strong></span> <span class='ocrx_word' id='word_1_628' title='bbox 1816 4473 1888 4530; x_wconf 88' lang='lat' dir='ltr'><strong>opes</strong></span> 
     </span>
     <span class='ocr_line' id='line_1_46' title="bbox 231 4543 1888 4630; baseline 0.008 -31"><span class='ocrx_word' id='word_1_629' title='bbox 231 4543 259 4599; x_wconf 91' lang='lat' dir='ltr'><strong>iu</strong></span> <span class='ocrx_word' id='word_1_630' title='bbox 274 4544 383 4602; x_wconf 85' lang='lat' dir='ltr'><strong>eoelesti</strong></span> <span class='ocrx_word' id='word_1_631' title='bbox 398 4547 567 4618; x_wconf 84' lang='lat' dir='ltr'><strong>Jerusalem,</strong></span> <span class='ocrx_word' id='word_1_632' title='bbox 590 4566 671 4621; x_wconf 89' lang='lat' dir='ltr'><strong>quam</strong></span> <span class='ocrx_word' id='word_1_633' title='bbox 688 4553 715 4608; x_wconf 95' lang='lat' dir='ltr'><strong>in</strong></span> <span class='ocrx_word' id='word_1_634' title='bbox 731 4553 786 4609; x_wconf 92' lang='lat' dir='ltr'><strong>alio</strong></span> <span class='ocrx_word' id='word_1_635' title='bbox 800 4554 861 4611; x_wconf 90' lang='lat' dir='ltr'><strong>loco</strong></span> <span class='ocrx_word' id='word_1_636' title='bbox 879 4557 1031 4627; x_wconf 77' lang='lat' dir='ltr'><strong>Apostolus</strong></span> <span class='ocrx_word' id='word_1_637' title='bbox 1085 4567 1243 4630; x_wconf 85' lang='lat' dir='ltr'><strong>congregat,</strong></span> <span class='ocrx_word' id='word_1_638' title='bbox 1258 4571 1326 4629; x_wconf 91' lang='lat' dir='ltr'><strong>quas</strong></span> <span class='ocrx_word' id='word_1_639' title='bbox 1338 4557 1365 4612; x_wconf 92' lang='lat' dir='ltr'><strong>ln</strong></span> <span class='ocrx_word' id='word_1_640' title='bbox 1380 4565 1521 4613; x_wconf 89' lang='lat' dir='ltr'><strong>momento</strong></span> <span class='ocrx_word' id='word_1_641' title='bbox 1534 4554 1579 4612; x_wconf 89' lang='lat' dir='ltr'><strong>cui</strong></span> <span class='ocrx_word' id='word_1_642' title='bbox 1592 4556 1628 4611; x_wconf 91' lang='lat' dir='ltr'><strong>sit</strong></span> <span class='ocrx_word' id='word_1_643' title='bbox 1641 4553 1798 4621; x_wconf 83' lang='lat' dir='ltr'><strong>relicturus,</strong></span> <span class='ocrx_word' id='word_1_644' title='bbox 1812 4555 1888 4626; x_wconf 82' lang='lat' dir='ltr'><strong>igno</strong></span> 
     </span>
     <span class='ocr_line' id='line_1_47' title="bbox 233 4619 1887 4722; baseline 0.008 -30"><span class='ocrx_word' id='word_1_645' title='bbox 233 4647 351 4694; x_wconf 91' lang='lat' dir='ltr'><strong>matrem</strong></span> <span class='ocrx_word' id='word_1_646' title='bbox 362 4653 523 4699; x_wconf 89' lang='lat' dir='ltr'><strong>sanctorum</strong></span> <span class='ocrx_word' id='word_1_647' title='bbox 536 4654 616 4700; x_wconf 84' lang='lat' dir='ltr'><strong>uocat</strong></span> <span class='ocrx_word' id='word_1_648' title='bbox 630 4643 732 4719; x_wconf 86' lang='lat' dir='ltr'><strong>(Gales.</strong></span> <span class='ocrx_word' id='word_1_649' title='bbox 748 4645 798 4720; x_wconf 86' lang='lat' dir='ltr'><strong>tt).</strong></span> <span class='ocrx_word' id='word_1_650' title='bbox 815 4647 921 4707; x_wconf 83' lang='lat' dir='ltr'><strong>idcirco</strong></span> <span class='ocrx_word' id='word_1_651' title='bbox 934 4649 974 4722; x_wconf 92' lang='lat' dir='ltr'><strong>(ut</strong></span> <span class='ocrx_word' id='word_1_652' title='bbox 986 4665 1033 4707; x_wconf 90' lang='lat' dir='ltr'><strong>su·</strong></span> <span class='ocrx_word' id='word_1_653' title='bbox 1045 4619 1071 4682; x_wconf 74' lang='lat'><strong>⁰</strong></span> <span class='ocrx_word' id='word_1_654' title='bbox 1083 4653 1143 4709; x_wconf 84' lang='lat' dir='ltr'><strong>rati</strong></span> <span class='ocrx_word' id='word_1_655' title='bbox 1154 4651 1232 4721; x_wconf 73' lang='lat' dir='ltr'><strong>Quod</strong></span> <span class='ocrx_word' id='word_1_656' title='bbox 1246 4657 1337 4708; x_wconf 86' lang='lat' dir='ltr'><strong>aulem</strong></span> <span class='ocrx_word' id='word_1_657' title='bbox 1350 4651 1398 4721; x_wconf 88' lang='lat' dir='ltr'><strong>ait,</strong></span> <span class='ocrx_word' id='word_1_658' title='bbox 1420 4652 1464 4722; x_wconf 86' lang='lat' dir='ltr'><strong>qui</strong></span> <span class='ocrx_word' id='word_1_659' title='bbox 1488 4649 1653 4721; x_wconf 79' lang='lat' dir='ltr'><strong>desperantes</strong></span> <span class='ocrx_word' id='word_1_660' title='bbox 1674 4648 1843 4720; x_wconf 85' lang='lat' dir='ltr'><strong>semctipsos,</strong></span> <span class='ocrx_word' id='word_1_661' title='bbox 1860 4649 1887 4706; x_wconf 92' lang='lat' dir='ltr'><strong>id</strong></span> 
     </span>
     <span class='ocr_line' id='line_1_48' title="bbox 234 4731 1887 4820; baseline 0.007 -35"><span class='ocrx_word' id='word_1_662' title='bbox 234 4731 430 4806; x_wconf 84' lang='lat' dir='ltr'><strong>prediximus)</strong></span> <span class='ocrx_word' id='word_1_663' title='bbox 455 4734 516 4792; x_wconf 77' lang='lat' dir='ltr'><strong>hec</strong></span> <span class='ocrx_word' id='word_1_664' title='bbox 530 4737 602 4808; x_wconf 90' lang='lat' dir='ltr'><strong>apud</strong></span> <span class='ocrx_word' id='word_1_665' title='bbox 623 4753 674 4794; x_wconf 86' lang='lat' dir='ltr'><strong>stoa</strong></span> <span class='ocrx_word' id='word_1_666' title='bbox 694 4739 854 4798; x_wconf 88' lang='lat' dir='ltr'><strong>obscuriora</strong></span> <span class='ocrx_word' id='word_1_667' title='bbox 867 4753 950 4810; x_wconf 89' lang='lat' dir='ltr'><strong>sunt,</strong></span> <span class='ocrx_word' id='word_1_668' title='bbox 966 4745 1030 4817; x_wconf 91' lang='lat' dir='ltr'><strong>quia</strong></span> <span class='ocrx_word' id='word_1_669' title='bbox 1084 4755 1136 4817; x_wconf 88' lang='lat' dir='ltr'><strong>est,</strong></span> <span class='ocrx_word' id='word_1_670' title='bbox 1151 4746 1326 4820; x_wconf 68' lang='grc' dir='ltr'><strong>ἀπηλγηκότες</strong></span> <span class='ocrx_word' id='word_1_671' title='bbox 1348 4745 1468 4810; x_wconf 69' lang='lat' dir='ltr'><strong>seorsis,</strong></span> <span class='ocrx_word' id='word_1_672' title='bbox 1494 4742 1582 4799; x_wconf 88' lang='lat' dir='ltr'><strong>multo</strong></span> <span class='ocrx_word' id='word_1_673' title='bbox 1594 4741 1668 4798; x_wconf 90' lang='lat' dir='ltr'><strong>aliud</strong></span> <span class='ocrx_word' id='word_1_674' title='bbox 1689 4741 1716 4797; x_wconf 87' lang='lat' dir='ltr'><strong>iu</strong></span> <span class='ocrx_word' id='word_1_675' title='bbox 1735 4739 1834 4798; x_wconf 80' lang='lat' dir='ltr'><strong>Graeco</strong></span> <span class='ocrx_word' id='word_1_676' title='bbox 1848 4743 1887 4797; x_wconf 89' lang='lat' dir='ltr'><strong>si·</strong></span> 
     </span>
     <span class='ocr_line' id='line_1_49' title="bbox 232 4827 1887 4915; baseline 0.007 -35"><span class='ocrx_word' id='word_1_677' title='bbox 232 4833 410 4903; x_wconf 74' lang='grc' dir='ltr'>μεταφορικῶς</span> <span class='ocrx_word' id='word_1_678' title='bbox 422 4827 550 4884; x_wconf 89' lang='lat' dir='ltr'><strong>dicuntur</strong></span> <span class='ocrx_word' id='word_1_679' title='bbox 574 4829 602 4884; x_wconf 90' lang='lat' dir='ltr'><strong>in</strong></span> <span class='ocrx_word' id='word_1_680' title='bbox 615 4829 721 4888; x_wconf 73' lang='lat' dir='ltr'><strong>Greco.</strong></span> <span class='ocrx_word' id='word_1_681' title='bbox 738 4831 773 4889; x_wconf 84' lang='lat' dir='ltr'><strong>Et</strong></span> <span class='ocrx_word' id='word_1_682' title='bbox 784 4835 874 4891; x_wconf 89' lang='lat' dir='ltr'><strong>omnis</strong></span> <span class='ocrx_word' id='word_1_683' title='bbox 887 4837 1031 4909; x_wconf 88' lang='lat' dir='ltr'><strong>metaphn-</strong></span> <span class='ocrx_word' id='word_1_684' title='bbox 1082 4839 1193 4915; x_wconf 83' lang='lat' dir='ltr'><strong>gnificat</strong></span> <span class='ocrx_word' id='word_1_685' title='bbox 1205 4855 1286 4912; x_wconf 90' lang='lat' dir='ltr'><strong>quam</strong></span> <span class='ocrx_word' id='word_1_686' title='bbox 1303 4838 1329 4894; x_wconf 90' lang='lat' dir='ltr'><strong>iu</strong></span> <span class='ocrx_word' id='word_1_687' title='bbox 1352 4837 1472 4894; x_wconf 81' lang='lat' dir='ltr'><strong>Latino:</strong></span> <span class='ocrx_word' id='word_1_688' title='bbox 1492 4839 1660 4909; x_wconf 83' lang='lat' dir='ltr'><strong>desperantes</strong></span> <span class='ocrx_word' id='word_1_689' title='bbox 1679 4835 1781 4909; x_wconf 90' lang='lat' dir='ltr'><strong>quippe</strong></span> <span class='ocrx_word' id='word_1_690' title='bbox 1802 4838 1887 4898; x_wconf 81' lang='lat' dir='ltr'><strong>isani-</strong></span> 
     </span>
     <span class='ocr_line' id='line_1_50' title="bbox 232 4919 1884 5012; baseline 0.008 -39"><span class='ocrx_word' id='word_1_691' title='bbox 232 4931 274 4985; x_wconf 91' lang='lat' dir='ltr'><strong>ra,</strong></span> <span class='ocrx_word' id='word_1_692' title='bbox 296 4919 321 4974; x_wconf 89' lang='lat' dir='ltr'><strong>si</strong></span> <span class='ocrx_word' id='word_1_693' title='bbox 333 4919 368 4976; x_wconf 93' lang='lat' dir='ltr'><strong>de</strong></span> <span class='ocrx_word' id='word_1_694' title='bbox 382 4921 436 4976; x_wconf 91' lang='lat' dir='ltr'><strong>alia</strong></span> <span class='ocrx_word' id='word_1_695' title='bbox 449 4922 476 4978; x_wconf 92' lang='lat' dir='ltr'><strong>in</strong></span> <span class='ocrx_word' id='word_1_696' title='bbox 488 4922 571 4978; x_wconf 85' lang='lat' dir='ltr'><strong>aliam</strong></span> <span class='ocrx_word' id='word_1_697' title='bbox 587 4923 706 4996; x_wconf 90' lang='lat' dir='ltr'><strong>linguam</strong></span> <span class='ocrx_word' id='word_1_698' title='bbox 723 4931 908 4990; x_wconf 77' lang='lat' dir='ltr'><strong>transferatur</strong></span> <span class='ocrx_word' id='word_1_699' title='bbox 922 4934 957 4992; x_wconf 91' lang='lat' dir='ltr'><strong>ad</strong></span> <span class='ocrx_word' id='word_1_700' title='bbox 971 4950 1032 4992; x_wconf 83' lang='lat' dir='ltr'><strong>ser·</strong></span> <span class='ocrx_word' id='word_1_701' title='bbox 1082 4935 1188 5012; x_wconf 66' lang='lat' dir='ltr'><strong>pnsirsr</strong></span> <span class='ocrx_word' id='word_1_702' title='bbox 1203 4932 1394 5000; x_wconf 86' lang='lat' dir='ltr'><strong>nominantur;</strong></span> <span class='ocrx_word' id='word_1_703' title='bbox 1410 4931 1584 5008; x_wconf 64' lang='lat' dir='ltr'><strong>insignitivae</strong></span> <span class='ocrx_word' id='word_1_704' title='bbox 1594 4939 1688 4988; x_wconf 91' lang='lat' dir='ltr'><strong>autem</strong></span> <span class='ocrx_word' id='word_1_705' title='bbox 1704 4929 1732 4986; x_wconf 94' lang='lat' dir='ltr'><strong>hi</strong></span> <span class='ocrx_word' id='word_1_706' title='bbox 1747 4936 1823 5003; x_wconf 84' lang='lat' dir='ltr'><strong>sunt,</strong></span> <span class='ocrx_word' id='word_1_707' title='bbox 1837 4931 1884 5004; x_wconf 90' lang='lat' dir='ltr'><strong>qui</strong></span> 
     </span>
    </p>
   </div>
   <div class='ocr_carea' id='block_1_3' title="bbox 230 5144 1884 5805">
    <p class='ocr_par' dir='ltr' id='par_1_4' title="bbox 232 5144 1884 5373">
     <span class='ocr_line' id='line_1_51' title="bbox 262 5144 1884 5232; baseline 0.006 -28"><span class='ocrx_word' id='word_1_708' title='bbox 262 5154 282 5232; x_wconf 58' lang='grc' dir='ltr'><strong><em>ξ</em></strong></span> <span class='ocrx_word' id='word_1_709' title='bbox 301 5144 379 5230; x_wconf 78' lang='lat' dir='ltr'><strong>idem</strong></span> <span class='ocrx_word' id='word_1_710' title='bbox 389 5145 521 5229; x_wconf 76' lang='lat' dir='ltr'><strong>dudum.</strong></span> <span class='ocrx_word' id='word_1_711' title='bbox 537 5156 561 5202; x_wconf 90' lang='lat' dir='ltr'><strong>et</strong></span> <span class='ocrx_word' id='word_1_712' title='bbox 578 5165 670 5232; x_wconf 81' lang='lat' dir='ltr'><strong>norom</strong></span> <span class='ocrx_word' id='word_1_713' title='bbox 683 5151 806 5224; x_wconf 68' lang='lat' dir='ltr'><strong>dpereat,</strong></span> <span class='ocrx_word' id='word_1_714' title='bbox 824 5172 968 5232; x_wconf 81' lang='lat' dir='ltr'><strong>necemque</strong></span> <span class='ocrx_word' id='word_1_715' title='bbox 982 5163 1030 5216; x_wconf 84' lang='lat' dir='ltr'><strong>ao·</strong></span> <span class='ocrx_word' id='word_1_716' title='bbox 1121 5171 1132 5200; x_wconf 68' lang='grc' dir='ltr'><strong>ι</strong></span> <span class='ocrx_word' id='word_1_717' title='bbox 1154 5159 1211 5216; x_wconf 87' lang='lat' dir='ltr'><strong>lloc</strong></span> <span class='ocrx_word' id='word_1_718' title='bbox 1230 5159 1299 5216; x_wconf 88' lang='lat' dir='ltr'><strong>satis</strong></span> <span class='ocrx_word' id='word_1_719' title='bbox 1313 5155 1423 5215; x_wconf 89' lang='lat' dir='ltr'><strong>abunde</strong></span> <span class='ocrx_word' id='word_1_720' title='bbox 1437 5166 1497 5212; x_wconf 91' lang='lat' dir='ltr'><strong>erat</strong></span> <span class='ocrx_word' id='word_1_721' title='bbox 1510 5153 1544 5212; x_wconf 91' lang='lat' dir='ltr'><strong>ad</strong></span> <span class='ocrx_word' id='word_1_722' title='bbox 1559 5155 1729 5228; x_wconf 88' lang='lat' dir='ltr'><strong>purgandam</strong></span> <span class='ocrx_word' id='word_1_723' title='bbox 1743 5157 1770 5214; x_wconf 90' lang='lat' dir='ltr'><strong>in</strong></span> <span class='ocrx_word' id='word_1_724' title='bbox 1784 5155 1884 5214; x_wconf 85' lang='lat' dir='ltr'><strong>fliero-</strong></span> 
     </span>
     <span class='ocr_line' id='line_1_52' title="bbox 232 5215 1880 5306; baseline 0.01 -36"><span class='ocrx_word' id='word_1_725' title='bbox 232 5233 330 5302; x_wconf 77' lang='lat' dir='ltr'><strong>manens</strong></span> <span class='ocrx_word' id='word_1_726' title='bbox 345 5215 474 5302; x_wconf 66' lang='lat' dir='ltr'><strong>lfsgbscm,</strong></span> <span class='ocrx_word' id='word_1_727' title='bbox 485 5224 538 5275; x_wconf 81' lang='lat' dir='ltr'><strong>etc.</strong></span> <span class='ocrx_word' id='word_1_728' title='bbox 554 5218 663 5280; x_wconf 78' lang='lat' dir='ltr'><strong>ludesis</strong></span> <span class='ocrx_word' id='word_1_729' title='bbox 677 5238 740 5295; x_wconf 84' lang='lat' dir='ltr'><strong>quae</strong></span> <span class='ocrx_word' id='word_1_730' title='bbox 754 5226 791 5283; x_wconf 94' lang='lat' dir='ltr'><strong>ihi</strong></span> <span class='ocrx_word' id='word_1_731' title='bbox 804 5238 967 5288; x_wconf 73' lang='lat' dir='ltr'><strong>aunoumus</strong></span> <span class='ocrx_word' id='word_1_732' title='bbox 977 5233 1029 5288; x_wconf 91' lang='lat' dir='ltr'><strong>sub</strong></span> <span class='ocrx_word' id='word_1_733' title='bbox 1083 5247 1165 5306; x_wconf 74' lang='lat' dir='ltr'><strong>rupino</strong></span> <span class='ocrx_word' id='word_1_734' title='bbox 1178 5230 1345 5301; x_wconf 77' lang='lat' dir='ltr'><strong>Origenismi</strong></span> <span class='ocrx_word' id='word_1_735' title='bbox 1359 5229 1560 5298; x_wconf 90' lang='lat' dir='ltr'><strong>suspicionem,</strong></span> <span class='ocrx_word' id='word_1_736' title='bbox 1575 5229 1649 5298; x_wconf 93' lang='lat' dir='ltr'><strong>quod</strong></span> <span class='ocrx_word' id='word_1_737' title='bbox 1666 5229 1724 5285; x_wconf 79' lang='lat' dir='ltr'><strong>hec</strong></span> <span class='ocrx_word' id='word_1_738' title='bbox 1737 5230 1832 5284; x_wconf 89' lang='lat' dir='ltr'><strong>omnia</strong></span> <span class='ocrx_word' id='word_1_739' title='bbox 1845 5245 1880 5286; x_wconf 83' lang='lat' dir='ltr'><strong>ex</strong></span> 
     </span>
     <span class='ocr_line' id='line_1_53' title="bbox 232 5288 1881 5373; baseline -0.002 -13"><span class='ocrx_word' id='word_1_740' title='bbox 232 5301 333 5360; x_wconf 67' lang='grc'><strong>11110118</strong></span> <span class='ocrx_word' id='word_1_741' title='bbox 347 5288 408 5345; x_wconf 70' lang='lat' dir='ltr'><strong>¹¹b¹¹</strong></span> <span class='ocrx_word' id='word_1_742' title='bbox 424 5288 517 5373; x_wconf 61' lang='grc'><strong>11119111·</strong></span> <span class='ocrx_word' id='word_1_743' title='bbox 1083 5303 1275 5360; x_wconf 73' lang='lat' dir='ltr'><strong>hereticorum</strong></span> <span class='ocrx_word' id='word_1_744' title='bbox 1292 5298 1415 5372; x_wconf 90' lang='lat' dir='ltr'><strong>prolecta</strong></span> <span class='ocrx_word' id='word_1_745' title='bbox 1427 5299 1539 5371; x_wconf 90' lang='lat' dir='ltr'><strong>ingenio</strong></span> <span class='ocrx_word' id='word_1_746' title='bbox 1555 5297 1775 5368; x_wconf 75' lang='lat' dir='ltr'><strong>pronuntientur</strong></span> <span class='ocrx_word' id='word_1_747' title='bbox 1791 5303 1881 5357; x_wconf 90' lang='lat' dir='ltr'><strong>eninr·</strong></span> 
     </span>
    </p>

    <p class='ocr_par' dir='ltr' id='par_1_5' title="bbox 230 5358 1883 5805">
     <span class='ocr_line' id='line_1_54' title="bbox 270 5358 1881 5448; baseline 0.009 -34"><span class='ocrx_word' id='word_1_748' title='bbox 270 5358 284 5399; x_wconf 71' lang='lat' dir='ltr'><strong>b</strong></span> <span class='ocrx_word' id='word_1_749' title='bbox 304 5359 363 5414; x_wconf 83' lang='lat' dir='ltr'><strong>Non</strong></span> <span class='ocrx_word' id='word_1_750' title='bbox 378 5374 429 5442; x_wconf 82' lang='lat' dir='ltr'><strong>sun</strong></span> <span class='ocrx_word' id='word_1_751' title='bbox 444 5360 488 5416; x_wconf 84' lang='lat' dir='ltr'><strong>bre</strong></span> <span class='ocrx_word' id='word_1_752' title='bbox 506 5376 536 5418; x_wconf 89' lang='lat' dir='ltr'><strong>se</strong></span> <span class='ocrx_word' id='word_1_753' title='bbox 548 5362 625 5448; x_wconf 82' lang='lat' dir='ltr'><strong>loqui</strong></span> <span class='ocrx_word' id='word_1_754' title='bbox 636 5379 736 5437; x_wconf 88' lang='lat' dir='ltr'><strong>sensu,</strong></span> <span class='ocrx_word' id='word_1_755' title='bbox 759 5369 808 5426; x_wconf 89' lang='lat' dir='ltr'><strong>sed</strong></span> <span class='ocrx_word' id='word_1_756' title='bbox 821 5387 853 5428; x_wconf 82' lang='lat' dir='ltr'><strong>ex</strong></span> <span class='ocrx_word' id='word_1_757' title='bbox 868 5373 1026 5433; x_wconf 73' lang='lat' dir='ltr'><strong>adamantii</strong></span> <span class='ocrx_word' id='word_1_758' title='bbox 1082 5391 1146 5432; x_wconf 84' lang='lat' dir='ltr'><strong>uero</strong></span> <span class='ocrx_word' id='word_1_759' title='bbox 1159 5375 1217 5445; x_wconf 87' lang='lat' dir='ltr'><strong>ipse</strong></span> <span class='ocrx_word' id='word_1_760' title='bbox 1232 5373 1342 5443; x_wconf 88' lang='lat' dir='ltr'><strong>reponit</strong></span> <span class='ocrx_word' id='word_1_761' title='bbox 1358 5371 1476 5427; x_wconf 80' lang='lat' dir='ltr'><strong>llulinus</strong></span> <span class='ocrx_word' id='word_1_762' title='bbox 1494 5369 1606 5439; x_wconf 84' lang='lat' dir='ltr'><strong>Quando</strong></span> <span class='ocrx_word' id='word_1_763' title='bbox 1619 5371 1678 5426; x_wconf 85' lang='lat' dir='ltr'><strong>dico</strong></span> <span class='ocrx_word' id='word_1_764' title='bbox 1693 5387 1701 5424; x_wconf 93' lang='lat'><em>:</em></span> <span class='ocrx_word' id='word_1_765' title='bbox 1717 5371 1755 5428; x_wconf 87' lang='lat' dir='ltr'><strong>lta</strong></span> <span class='ocrx_word' id='word_1_766' title='bbox 1772 5378 1881 5439; x_wconf 74' lang='lat' dir='ltr'><strong>tamem</strong></span> 
     </span>
     <span class='ocr_line' id='line_1_55' title="bbox 232 5431 1883 5518; baseline 0.006 -29"><span class='ocrx_word' id='word_1_767' title='bbox 232 5445 365 5502; x_wconf 86' lang='lat' dir='ltr'><strong>persona,</strong></span> <span class='ocrx_word' id='word_1_768' title='bbox 390 5431 571 5516; x_wconf 61' lang='lat' dir='ltr'><strong>thtttnymtrs</strong></span> <span class='ocrx_word' id='word_1_769' title='bbox 593 5436 729 5507; x_wconf 78' lang='lat' dir='ltr'><strong>significat</strong></span> <span class='ocrx_word' id='word_1_770' title='bbox 744 5441 771 5495; x_wconf 91' lang='lat' dir='ltr'><strong>in</strong></span> <span class='ocrx_word' id='word_1_771' title='bbox 786 5441 927 5515; x_wconf 78' lang='lat' dir='ltr'><strong>Apologiae</strong></span> <span class='ocrx_word' id='word_1_772' title='bbox 941 5445 990 5502; x_wconf 92' lang='lat' dir='ltr'><strong>lib.</strong></span> <span class='ocrx_word' id='word_1_773' title='bbox 1005 5463 1025 5514; x_wconf 94' lang='grc' dir='ltr'><strong>ι,</strong></span> <span class='ocrx_word' id='word_1_774' title='bbox 1082 5455 1110 5502; x_wconf 93' lang='lat' dir='ltr'><strong>ut</strong></span> <span class='ocrx_word' id='word_1_775' title='bbox 1123 5447 1261 5518; x_wconf 78' lang='lat' dir='ltr'><strong>ironjrrrta</strong></span> <span class='ocrx_word' id='word_1_776' title='bbox 1273 5445 1356 5500; x_wconf 90' lang='lat' dir='ltr'><strong>aliam</strong></span> <span class='ocrx_word' id='word_1_777' title='bbox 1372 5442 1496 5498; x_wconf 77' lang='lat' dir='ltr'><strong>heresim</strong></span> <span class='ocrx_word' id='word_1_778' title='bbox 1510 5455 1607 5498; x_wconf 86' lang='lat' dir='ltr'><strong>omttes</strong></span> <span class='ocrx_word' id='word_1_779' title='bbox 1620 5442 1647 5498; x_wconf 90' lang='lat' dir='ltr'><strong>in</strong></span> <span class='ocrx_word' id='word_1_780' title='bbox 1663 5458 1715 5499; x_wconf 82' lang='lat' dir='ltr'><strong>unu</strong></span> <span class='ocrx_word' id='word_1_781' title='bbox 1731 5451 1814 5500; x_wconf 77' lang='lat' dir='ltr'><strong>aetate</strong></span> <span class='ocrx_word' id='word_1_782' title='bbox 1828 5442 1883 5499; x_wconf 89' lang='lat' dir='ltr'><strong>sint</strong></span> 
     </span>
     <span class='ocr_line' id='line_1_56' title="bbox 232 5501 1880 5591; baseline 0.008 -33"><span class='ocrx_word' id='word_1_783' title='bbox 232 5519 309 5585; x_wconf 87' lang='lat' dir='ltr'><strong>num.</strong></span> <span class='ocrx_word' id='word_1_784' title='bbox 331 5501 377 5586; x_wconf 65' lang='lat' dir='ltr'><strong>hd,</strong></span> <span class='ocrx_word' id='word_1_785' title='bbox 393 5503 440 5588; x_wconf 78' lang='lat' dir='ltr'><strong>ubi</strong></span> <span class='ocrx_word' id='word_1_786' title='bbox 461 5504 496 5560; x_wconf 92' lang='lat' dir='ltr'><strong>de</strong></span> <span class='ocrx_word' id='word_1_787' title='bbox 518 5506 570 5562; x_wconf 87' lang='lat' dir='ltr'><strong>hoe</strong></span> <span class='ocrx_word' id='word_1_788' title='bbox 588 5507 664 5564; x_wconf 89' lang='lat' dir='ltr'><strong>Pauli</strong></span> <span class='ocrx_word' id='word_1_789' title='bbox 681 5511 742 5568; x_wconf 89' lang='lat' dir='ltr'><strong>loen</strong></span> <span class='ocrx_word' id='word_1_790' title='bbox 757 5529 765 5567; x_wconf 78' lang='lat' dir='ltr'><strong>a</strong></span> <span class='ocrx_word' id='word_1_791' title='bbox 780 5512 959 5583; x_wconf 73' lang='lat' dir='ltr'><strong>betissimom,</strong></span> <span class='ocrx_word' id='word_1_792' title='bbox 985 5520 1028 5574; x_wconf 92' lang='lat' dir='ltr'><strong>in·</strong></span> <span class='ocrx_word' id='word_1_793' title='bbox 1080 5521 1175 5591; x_wconf 90' lang='lat' dir='ltr'><strong>positi,</strong></span> <span class='ocrx_word' id='word_1_794' title='bbox 1190 5517 1296 5572; x_wconf 84' lang='lat' dir='ltr'><strong>ortctida</strong></span> <span class='ocrx_word' id='word_1_795' title='bbox 1306 5526 1331 5572; x_wconf 93' lang='lat' dir='ltr'><strong>et</strong></span> <span class='ocrx_word' id='word_1_796' title='bbox 1341 5531 1382 5584; x_wconf 84' lang='lat' dir='ltr'><strong>eo,</strong></span> <span class='ocrx_word' id='word_1_797' title='bbox 1398 5513 1431 5569; x_wconf 86' lang='lat' dir='ltr'><strong>de</strong></span> <span class='ocrx_word' id='word_1_798' title='bbox 1443 5514 1536 5582; x_wconf 80' lang='lat' dir='ltr'><strong>quibam</strong></span> <span class='ocrx_word' id='word_1_799' title='bbox 1551 5513 1669 5584; x_wconf 86' lang='lat' dir='ltr'><strong>disputo,</strong></span> <span class='ocrx_word' id='word_1_800' title='bbox 1679 5530 1734 5570; x_wconf 84' lang='lat' dir='ltr'><strong>etse</strong></span> <span class='ocrx_word' id='word_1_801' title='bbox 1747 5517 1880 5572; x_wconf 76' lang='lat' dir='ltr'><strong>haeretico.</strong></span> 
     </span>
     <span class='ocr_line' id='line_1_57' title="bbox 231 5571 1881 5661; baseline 0.008 -32"><span class='ocrx_word' id='word_1_802' title='bbox 231 5584 307 5646; x_wconf 91' lang='lat' dir='ltr'><strong>qutt,</strong></span> <span class='ocrx_word' id='word_1_803' title='bbox 325 5571 447 5645; x_wconf 80' lang='lat' dir='ltr'><strong>Onpeuss</strong></span> <span class='ocrx_word' id='word_1_804' title='bbox 462 5577 651 5649; x_wconf 75' lang='lat' dir='ltr'><strong>onpositionern</strong></span> <span class='ocrx_word' id='word_1_805' title='bbox 669 5590 694 5637; x_wconf 85' lang='lat' dir='ltr'><strong>cl</strong></span> <span class='ocrx_word' id='word_1_806' title='bbox 706 5585 808 5640; x_wconf 84' lang='lat' dir='ltr'><strong>easdem</strong></span> <span class='ocrx_word' id='word_1_807' title='bbox 824 5603 915 5644; x_wconf 85' lang='lat' dir='ltr'><strong>tensas</strong></span> <span class='ocrx_word' id='word_1_808' title='bbox 927 5606 968 5661; x_wconf 88' lang='lat' dir='ltr'><strong>pet</strong></span> <span class='ocrx_word' id='word_1_809' title='bbox 986 5591 1028 5646; x_wconf 81' lang='lat' dir='ltr'><strong>di·</strong></span> <span class='ocrx_word' id='word_1_810' title='bbox 1081 5599 1105 5646; x_wconf 87' lang='lat' dir='ltr'><strong>cl</strong></span> <span class='ocrx_word' id='word_1_811' title='bbox 1119 5593 1152 5646; x_wconf 89' lang='lat' dir='ltr'><strong>oh</strong></span> <span class='ocrx_word' id='word_1_812' title='bbox 1169 5589 1223 5646; x_wconf 84' lang='lat' dir='ltr'><strong>ulis</strong></span> <span class='ocrx_word' id='word_1_813' title='bbox 1237 5589 1328 5644; x_wconf 78' lang='lat' dir='ltr'><strong>horest</strong></span> <span class='ocrx_word' id='word_1_814' title='bbox 1343 5586 1502 5659; x_wconf 81' lang='lat' dir='ltr'><strong>discrepare.</strong></span> <span class='ocrx_word' id='word_1_815' title='bbox 1520 5585 1586 5650; x_wconf 77' lang='lat' dir='ltr'><strong>Ques</strong></span> <span class='ocrx_word' id='word_1_816' title='bbox 1599 5594 1661 5641; x_wconf 89' lang='lat' dir='ltr'><strong>sunt</strong></span> <span class='ocrx_word' id='word_1_817' title='bbox 1676 5603 1737 5658; x_wconf 84' lang='lat' dir='ltr'><strong>ergo</strong></span> <span class='ocrx_word' id='word_1_818' title='bbox 1751 5585 1813 5642; x_wconf 83' lang='lat' dir='ltr'><strong>duae</strong></span> <span class='ocrx_word' id='word_1_819' title='bbox 1827 5588 1881 5642; x_wconf 81' lang='lat' dir='ltr'><strong>late·</strong></span> 
     </span>
     <span class='ocr_line' id='line_1_58' title="bbox 230 5643 1880 5732; baseline 0.007 -31"><span class='ocrx_word' id='word_1_820' title='bbox 230 5661 305 5703; x_wconf 70' lang='lat' dir='ltr'><strong>emsa</strong></span> <span class='ocrx_word' id='word_1_821' title='bbox 323 5647 399 5700; x_wconf 85' lang='lat' dir='ltr'><strong>acrba</strong></span> <span class='ocrx_word' id='word_1_822' title='bbox 415 5643 565 5729; x_wconf 32' lang='lat' dir='ltr'><strong>&#39;uoluentem</strong></span> <span class='ocrx_word' id='word_1_823' title='bbox 586 5651 654 5707; x_wconf 85' lang='lat' dir='ltr'><strong>breui</strong></span> <span class='ocrx_word' id='word_1_824' title='bbox 677 5671 794 5711; x_wconf 65' lang='lat' dir='ltr'><strong>samone</strong></span> <span class='ocrx_word' id='word_1_825' title='bbox 810 5660 1025 5732; x_wconf 75' lang='lat' dir='ltr'><strong>constrinximus,</strong></span> <span class='ocrx_word' id='word_1_826' title='bbox 1078 5663 1168 5718; x_wconf 84' lang='lat' dir='ltr'><strong>reses?</strong></span> <span class='ocrx_word' id='word_1_827' title='bbox 1183 5660 1259 5726; x_wconf 84' lang='lat' dir='ltr'><strong>Uno,</strong></span> <span class='ocrx_word' id='word_1_828' title='bbox 1273 5675 1330 5730; x_wconf 84' lang='lat' dir='ltr'><strong>qeoe</strong></span> <span class='ocrx_word' id='word_1_829' title='bbox 1344 5659 1408 5713; x_wconf 86' lang='lat' dir='ltr'><strong>dicit</strong></span> <span class='ocrx_word' id='word_1_830' title='bbox 1420 5673 1507 5714; x_wconf 87' lang='lat' dir='ltr'><strong>omnes</strong></span> <span class='ocrx_word' id='word_1_831' title='bbox 1523 5656 1689 5713; x_wconf 82' lang='lat' dir='ltr'><strong>rationabiles</strong></span> <span class='ocrx_word' id='word_1_832' title='bbox 1706 5669 1841 5714; x_wconf 82' lang='lat' dir='ltr'><strong>creaturos</strong></span> <span class='ocrx_word' id='word_1_833' title='bbox 1854 5659 1880 5714; x_wconf 85' lang='lat' dir='ltr'><strong>irs</strong></span> 
     </span>
     <span class='ocr_line' id='line_1_59' title="bbox 230 5716 1880 5805; baseline -0.001 -18"><span class='ocrx_word' id='word_1_834' title='bbox 230 5717 298 5772; x_wconf 60' lang='lat'><strong>&#39;&#39;5¹¹¹&#39;‘</strong></span> <span class='ocrx_word' id='word_1_835' title='bbox 311 5716 445 5787; x_wconf 54' lang='lat' dir='ltr'><strong>exemplu,</strong></span> <span class='ocrx_word' id='word_1_836' title='bbox 460 5725 484 5772; x_wconf 83' lang='lat' dir='ltr'><strong>ct</strong></span> <span class='ocrx_word' id='word_1_837' title='bbox 498 5723 768 5783; x_wconf 79' lang='lat' dir='ltr'><strong>mssrtionibttsillitts</strong></span> <span class='ocrx_word' id='word_1_838' title='bbox 779 5729 936 5801; x_wconf 74' lang='lat' dir='ltr'><strong>asserentes.</strong></span> <span class='ocrx_word' id='word_1_839' title='bbox 947 5729 1028 5788; x_wconf 82' lang='lat' dir='ltr'><strong>Cam·</strong></span> <span class='ocrx_word' id='word_1_840' title='bbox 1078 5733 1185 5805; x_wconf 79' lang='lat' dir='ltr'><strong>angelos</strong></span> <span class='ocrx_word' id='word_1_841' title='bbox 1202 5731 1340 5804; x_wconf 71' lang='lat' dir='ltr'><strong>reformari</strong></span> <span class='ocrx_word' id='word_1_842' title='bbox 1352 5746 1362 5785; x_wconf 90' lang='lat'><strong>.·</strong></span> <span class='ocrx_word' id='word_1_843' title='bbox 1376 5729 1477 5798; x_wconf 84' lang='lat' dir='ltr'><strong>altero,</strong></span> <span class='ocrx_word' id='word_1_844' title='bbox 1495 5745 1554 5800; x_wconf 79' lang='lat' dir='ltr'><strong>quoe</strong></span> <span class='ocrx_word' id='word_1_845' title='bbox 1567 5729 1660 5786; x_wconf 83' lang='lat' dir='ltr'><strong>usserit</strong></span> <span class='ocrx_word' id='word_1_846' title='bbox 1676 5729 1880 5802; x_wconf 76' lang='lat' dir='ltr'><strong>renuissqtsodqtte</strong></span> 
     </span>
    </p>
   </div>
   <div class='ocr_carea' id='block_1_4' title="bbox 228 5787 1876 5948">
    <p class='ocr_par' dir='ltr' id='par_1_6' title="bbox 228 5787 1876 5948">
     <span class='ocr_line' id='line_1_60' title="bbox 230 5787 1876 5876; baseline 0.01 -35"><span class='ocrx_word' id='word_1_847' title='bbox 230 5803 280 5872; x_wconf 65' lang='lat' dir='ltr'><strong>que</strong></span> <span class='ocrx_word' id='word_1_848' title='bbox 297 5787 500 5871; x_wconf 69' lang='lat' dir='ltr'><strong>pervenissemus</strong></span> <span class='ocrx_word' id='word_1_849' title='bbox 511 5791 546 5844; x_wconf 89' lang='lat' dir='ltr'><strong>ad</strong></span> <span class='ocrx_word' id='word_1_850' title='bbox 566 5793 660 5876; x_wconf 64' lang='lat' dir='ltr'><strong>poem,</strong></span> <span class='ocrx_word' id='word_1_851' title='bbox 677 5797 732 5856; x_wconf 82' lang='lat' dir='ltr'><strong>hcc</strong></span> <span class='ocrx_word' id='word_1_852' title='bbox 745 5799 923 5871; x_wconf 72' lang='lat' dir='ltr'><strong>subiecisset:</strong></span> <span class='ocrx_word' id='word_1_853' title='bbox 938 5801 1027 5876; x_wconf 87' lang='lat' dir='ltr'><strong>lpitssr</strong></span> <span class='ocrx_word' id='word_1_854' title='bbox 1077 5804 1106 5860; x_wconf 89' lang='lat' dir='ltr'><strong>in</strong></span> <span class='ocrx_word' id='word_1_855' title='bbox 1126 5805 1286 5859; x_wconf 86' lang='lat' dir='ltr'><strong>restitutione</strong></span> <span class='ocrx_word' id='word_1_856' title='bbox 1307 5801 1398 5857; x_wconf 80' lang='lat' dir='ltr'><strong>mendi</strong></span> <span class='ocrx_word' id='word_1_857' title='bbox 1409 5803 1437 5856; x_wconf 87' lang='lat' dir='ltr'><strong>id</strong></span> <span class='ocrx_word' id='word_1_858' title='bbox 1452 5805 1508 5874; x_wconf 74' lang='lat' dir='ltr'><strong>[are</strong></span> <span class='ocrx_word' id='word_1_859' title='bbox 1523 5799 1594 5876; x_wconf 79' lang='lat' dir='ltr'><strong>qaod</strong></span> <span class='ocrx_word' id='word_1_860' title='bbox 1606 5803 1740 5860; x_wconf 79' lang='lat' dir='ltr'><strong>canditum</strong></span> <span class='ocrx_word' id='word_1_861' title='bbox 1751 5811 1808 5870; x_wconf 85' lang='lat' dir='ltr'><strong>cst,</strong></span> <span class='ocrx_word' id='word_1_862' title='bbox 1823 5813 1876 5860; x_wconf 91' lang='lat' dir='ltr'><strong>etc.</strong></span> 
     </span>
     <span class='ocr_line' id='line_1_61' title="bbox 228 5864 1451 5948; baseline -0.008 -11"><span class='ocrx_word' id='word_1_863' title='bbox 228 5868 254 5915; x_wconf 77' lang='lat'><strong>‘⁸</strong></span> <span class='ocrx_word' id='word_1_864' title='bbox 268 5873 296 5915; x_wconf 77' lang='lat'><strong>”¹</strong></span> <span class='ocrx_word' id='word_1_865' title='bbox 308 5864 500 5917; x_wconf 53' lang='lat' dir='ltr'><strong>mmm</strong></span> <span class='ocrx_word' id='word_1_866' title='bbox 509 5877 636 5937; x_wconf 72' lang='lat' dir='ltr'><strong>‘&#39;m’&#39;&#39;lms</strong></span> <span class='ocrx_word' id='word_1_867' title='bbox 650 5877 704 5924; x_wconf 70' lang='lat'><strong>01⁰·</strong></span> <span class='ocrx_word' id='word_1_868' title='bbox 841 5940 845 5948; x_wconf 66' lang='grc'><em>,</em></span> <span class='ocrx_word' id='word_1_869' title='bbox 1077 5889 1137 5947; x_wconf 86' lang='lat' dir='ltr'><strong>quse</strong></span> <span class='ocrx_word' id='word_1_870' title='bbox 1150 5874 1323 5934; x_wconf 85' lang='lat' dir='ltr'><strong>consuluisse</strong></span> <span class='ocrx_word' id='word_1_871' title='bbox 1334 5871 1451 5946; x_wconf 73' lang='lat' dir='ltr'><strong>iurabit.</strong></span> 
     </span>
    </p>
   </div>
   <div class='ocr_carea' id='block_1_5' title="bbox 0 0 2004 6325">
    <p class='ocr_par' dir='ltr' id='par_1_7' title="bbox 0 0 2004 6325">
     <span class='ocr_line' id='line_1_62' title="bbox 0 0 2004 6325; baseline 0 0"><span class='ocrx_word' id='word_1_872' title='bbox 0 0 2004 6325; x_wconf 95' lang='lat' dir='ltr'><strong> </strong></span> 
     </span>
    </p>
   </div>
  </div>
 </body>
</html>
