4000 6334
131 285 190 357 uu
589 274 806 349 mutuatim
824 275 857 343 ib
876 275 1046 346 multos.
1066 278 1190 341 eettu.
1208 279 1266 349 tt.
1692 279 1763 346 tte

130 400 253 463 satians,
272 392 367 452 testu
386 390 511 463 ergenii
529 390 750 468 pautpnnnu,
777 392 829 453 oon
853 401 909 461 nr,
927 396 950 472 u
965 392 998 459 ob
1020 393 1062 450 trs
1085 393 1167 464 bens,
1192 410 1253 459 enm
1281 410 1335 456 noo
1359 395 1522 469 rnoutgnnn
1548 396 1652 460 mmm
1671 406 1763 466 aneu

129 496 169 567 uui
185 488 396 549 iacitcbrietum.
408 485 552 555 Quomodo
565 484 910 559 erpotactmnscbriunm,
964 491 1207 558 trioceopnoscnu
1222 489 1372 562 polemium
1400 489 1459 546 bet.
1482 489 1558 553 uturp
1579 497 1671 554 antem
1694 490 1762 552 uuas

129 590 175 649 boe
188 594 238 657 est,
260 580 453 655 iristitimntSi
476 580 548 651 iuste
568 595 695 653 agamus,
716 580 869 652 concipitur
885 582 911 636 in
964 576 1251 657 babctiutettipeottns
1276 581 1471 654 :baptismum
1496 582 1602 651 seilicet
1624 594 1652 640 et
1675 599 1764 654 spru,

129 681 200 739 uobis
219 674 329 751 tristitia,
343 684 373 733 et
386 673 489 746 paritur
502 688 534 733 es
548 671 628 738 uobis
647 672 762 751 justitie.
777 681 805 731 et
818 686 912 736 sumus
964 668 1031 725 lum.

64 848 67 853 Ι
128 780 208 845 mater
219 767 340 843 justitie.
357 766 433 825 Felix
446 773 491 823 est
502 775 530 823 et
540 764 635 827 beatus
644 765 689 839 qrti
704 764 913 839 omnitempore
1000 762 1146 844 luerspooit
1157 784 1226 835 utare
1240 766 1370 837 Rubrum,
1380 778 1404 826 et
1417 769 1575 835 exsiccatum
1587 778 1637 828 stt·
1651 770 1766 830 llesistit

128 874 153 927 ιι
164 874 244 939 pater,
260 872 289 921 et
302 870 390 920 mater
401 868 444 918 est
453 860 575 935 justitiae.
964 872 1058 915 curata
1070 861 1171 935 populu
1182 861 1230 922 bei
1240 863 1422 935 procellosum
1429 866 1572 935 mentum,
1584 881 1646 925 eum
1660 859 1764 939 copam

160 956 283 1011 lleareuto
297 952 388 1022 nostri,
404 951 528 1020 Domine,
543 951 570 1006 r'tt
586 951 745 1025 beneplacito
757 951 849 1025 populi
864 951 912 1013 lul.
966 952 1038 1011 verit
1062 952 1168 1014 lentem
1189 958 1264 1019 titae·
1280 956 1316 1016 lb
1339 960 1428 1019 educit
1444 975 1488 1018 eos
1502 962 1529 1019 t'tt
1541 961 1719 1039 obpressum
1737 962 1765 1027 t‘tt

126 1050 197 1122 Quod
215 1047 279 1112 dicit
301 1046 399 1105 bestris
422 1045 527 1117 bavit,
549 1048 600 1112 boe
614 1056 656 1104 est
673 1065 679 1101 :
699 1047 771 1117 Seio,
790 1047 913 1116 bomine,
965 1048 1066 1108 demto
1080 1047 1179 1124 (Erue.
1194 1050 1265 1127 mr.)
1282 1051 1431 1125 Tamquam
1449 1054 1474 1118 ri
1492 1065 1541 1125 por
1563 1054 1637 1115 sima
1660 1053 1761 1116 desum

126 1150 236 1206 celetem
250 1140 337 1213 legem
354 1158 361 1195 ε
378 1137 521 1197 Bestitudu
534 1138 655 1213 perlecta
669 1154 723 1205 pop
738 1140 816 1202 estin
829 1141 913 1209 reteri
964 1141 1131 1213 petuntur,
1146 1144 1184 1217 ita
1197 1145 1280 1204 nullis
1294 1155 1359 1202 sum
1370 1145 1499 1208 ductibus
1514 1148 1652 1218 oecusmi.

125 1237 200 1305 Lege,
212 1234 259 1299 sed
275 1234 301 1293 in
317 1233 480 1305 eramen„
492 1232 691 1306 Seioquoniam
713 1233 787 1307 prior
800 1234 915 1308 populus
1000 1235 1036 1295 Et
1050 1238 1158 1295 monuit
1170 1256 1212 1296 eos
1229 1240 1262 1295 de
1276 1258 1353 1300 murts
1367 1241 1519 1312 bdieatism,
1539 1253 1564 1302 et
1588 1241 1696 1299 redemit
1720 1258 1763 1302 tos
1800 1238 1805 1243 ’

125 1328 229 1390 ollendit
239 1336 275 1397 te,
291 1336 317 1383 et
330 1340 416 1386 bortis
428 1326 668 1398 populuscreatur,
680 1332 724 1399 qut
737 1327 840 1383 serviat
854 1326 912 1391 tibi.
965 1325 998 1388 de
1024 1344 1104 1383 otono
1118 1328 1227 1387 inimici.
1255 1331 1391 1394 Liberatio
1414 1349 1447 1389 sc
1468 1333 1620 1407 redemptio
1646 1334 1763 1395 tunninio

126 1423 182 1479 Scio
194 1422 255 1494 quia
276 1420 368 1479 veniet
381 1420 453 1477 tilius
465 1430 545 1491 tuns,
561 1430 587 1482 et
602 1419 717 1477 salvabit
734 1434 816 1479 omne
829 1433 915 1493 genus
965 1436 1014 1493 per
1026 1422 1181 1493 passionem
1196 1422 1298 1482 Christi
1311 1424 1381 1491 loeta
1395 1438 1448 1491 est.

126 1521 284 1583 humanum.
307 1526 337 1581 et
356 1516 469 1575 credent
492 1516 520 1578 iu
543 1530 622 1585 eum,
649 1516 695 1588 qui
722 1514 800 1573 electi
823 1524 912 1579 eruut.
1002 1511 1036 1568 Et
1052 1516 1153 1584 operuit
1166 1532 1235 1586 aquo
1245 1516 1396 1574 tribulantes
1415 1535 1484 1575 eos:
1507 1537 1574 1576 unite
1596 1537 1629 1575 ec
1651 1522 1688 1585 sis
1710 1538 1763 1582 uess

126 1612 263 1683 Propterea
273 1626 339 1685 ergo
352 1609 554 1683 rogoquouiam
566 1624 618 1681 epo
631 1607 707 1682 prius
721 1616 801 1673 patris
812 1623 872 1663 sum
885 1606 913 1675 ip
965 1606 1087 1664 remuotit
1106 1606 1116 1677 t
1130 1603 1233 1663 Ibidem
1243 1609 1264 1681 l.
1285 1608 1331 1667 Sie
1345 1618 1372 1665 et
1385 1626 1457 1667 utine
1478 1610 1505 1667 ln
1520 1624 1612 1669 nostro
1626 1613 1762 1685 baptismo

125 1707 202 1763 reteri
216 1705 302 1778 leue,
319 1712 349 1763 ut
365 1706 481 1777 imputes
504 1703 570 1759 inibi
596 1701 749 1759 mercedem
764 1716 825 1757 cnm
843 1717 914 1767 uero
965 1698 1006 1758 dt.
1027 1700 1140 1758 ablutor
1154 1701 1237 1759 bomo
1250 1703 1344 1775 aquis,
1360 1713 1388 1761 et
1403 1705 1473 1777 perit
1486 1704 1611 1771 diabolus
1628 1722 1689 1765 enm
1715 1724 1760 1766 sa-

125 1799 225 1873 popnlo.
236 1796 347 1856 Videtur
362 1807 454 1859 nostra
468 1812 531 1855 csse
546 1798 679 1854 sementia
693 1794 762 1853 lime.
778 1794 912 1867 Legatum
928 1791 952 1859 Β
966 1794 1097 1852 tellitibns
1112 1793 1180 1853 suis.

123 1892 190 1967 ipsos
202 1892 364 1962 versiculos,
385 1900 414 1949 et
427 1890 598 1951 inveniemus
619 1889 706 1959 ipsum
730 1902 839 1945 sentum
852 1900 913 1947 esse
1001 1888 1035 1947 lit
1047 1888 1214 1949 erediderunt
1226 1890 1254 1951 t'o
1263 1890 1346 1949 terbt't
1358 1893 1425 1969 ejus,
1438 1903 1463 1952 st
1476 1890 1763 1956 tanumeroutomrn

122 2002 195 2059 quem
209 1986 341 2046 diximus.
356 1985 441 2046 Visite
457 2001 503 2044 aas
517 1985 544 2043 iu
558 1981 735 2043 solutoritoo.
749 1980 805 2039 lloc
815 1988 867 2055 est,
884 1980 911 2040 iu
963 1981 1030 2071 ejss.
1048 1980 1115 2050 Quia
1131 1980 1249 2047 uictores
1259 1990 1349 2041 eram.

123 2080 185 2140 Filio
198 2088 253 2148 tuo,
267 2079 378 2153 uriartdo
389 2080 504 2140 reperit.
999 2075 1197 2148 vituperemus,
1214 2075 1288 2131 obliti
1300 2083 1362 2138 suot
1379 2092 1486 2151 operum
1506 2080 1574 2152 ejus.
1590 2078 1668 2140 llutti
1690 2080 1762 2140 enim

153 2174 191 2229 ud
203 2174 342 2233 ιίιιιιιιιιιιι
354 2174 380 2243 itt
392 2174 504 2232 beatitate
515 2172 653 2229 electorum
665 2179 777 2233 tuorum.
792 2167 848 2227 lloe
858 2178 910 2237 est,
963 2168 989 2225 in
1007 2168 1129 2232 Ecclesia
1144 2167 1214 2228 male
1229 2167 1346 2228 tironio
1368 2180 1396 2228 et
1410 2186 1465 2230 oou
1481 2181 1558 2231 reete
1571 2173 1715 2233 sentiendo
1730 2174 1764 2231 de

122 2268 150 2323 da
164 2268 237 2326 nobis
249 2283 355 2347 partem
367 2283 428 2331 eum
445 2265 584 2339 apostolis.
600 2264 733 2339 Quoniam
743 2279 791 2331 nos
802 2262 910 2337 qtridem
964 2260 1030 2327 lieo,
1046 2261 1164 2331 perdum
1190 2261 1315 2331 baptismi
1342 2264 1469 2334 pretium.
1498 2263 1561 2326 Non
1586 2268 1763 2332 restituerunt

121 2364 311 2431 antecessiones
324 2378 372 2431 eos
386 2362 414 2420 iu
438 2369 561 2435 ternpore
575 2378 582 2415 :
597 2359 637 2417 liti
658 2373 724 2418 tero
747 2358 912 2424 antecedent
963 2354 1100 2412 conuitium
1113 2356 1179 2427 ejus.
1203 2353 1239 2413 ut
1261 2355 1430 2422 custodirent
1452 2358 1552 2425 tibin,
1576 2374 1657 2435 uuam
1685 2361 1762 2432 prius

121 2455 201 2515 ausin
215 2456 403 2531 spiritualibus
420 2474 425 2511 :
440 2454 493 2513 boe
504 2466 557 2523 est,
571 2444 750 2513 invideamus
763 2451 910 2509 benitatem
962 2446 1115 2519 elegerunt.

120 2558 197 2615 trram,
212 2564 295 2621 quam
311 2548 431 2611 lecturus
444 2563 474 2605 es
488 2562 549 2605 uum
570 2544 665 2607 electis
680 2544 743 2609 tuis.
760 2542 801 2602 to
820 2544 911 2607 tuton·
999 2540 1232 2614 eneruauerunt
1251 2542 1471 2615 concupiscentias
1485 2544 1513 2599 tn
1526 2544 1639 2605 desolo.
1656 2543 1685 2601 lu
1698 2545 1763 2603 soli·

119 2640 175 2696 dun
187 2642 212 2698 iu
235 2640 330 2697 lotitia
343 2640 427 2715 peusis
439 2648 499 2695 tuo.
513 2638 587 2697 Gens
610 2636 715 2700 bomini
731 2650 781 2693 nos
796 2650 909 2703 ιιιιιιιιι;
963 2632 1055 2691 tudine
1071 2633 1149 2692 istius
1162 2636 1265 2693 sacnti.
1277 2633 1476 2700 Etterttooertmt
1491 2634 1612 2693 benonin
1624 2636 1762 2709 irrepsere,

119 2735 139 2791 si
159 2744 244 2796 umen
258 2750 330 2809 gens
345 2736 432 2807 ipsius
453 2750 557 2793 sumus.
581 2732 706 2803 Populo,
733 2732 835 2805 iniquit,
864 2732 909 2803 qui
961 2724 1075 2781 siccitas
1089 2727 1161 2784 euim
1173 2724 1213 2782 cis
1228 2734 1299 2803 erat,
1312 2728 1375 2799 unis
1392 2743 1446 2791 troo
1460 2728 1662 2801 cognoscebant
1674 2730 1762 2793 sancti

118 2838 247 2898 nasetur,
263 2844 347 2901 quiem
360 2826 425 2888 lecit
442 2825 580 2891 Dominus.
596 2824 630 2881 ur
641 2824 847 2887 taudemorcnm
858 2825 911 2879 bo·
962 2817 1079 2891 spiritus
1095 2819 1292 2894 irrigationem,
1317 2822 1344 2876 in
1371 2821 1496 2879 columna
1514 2822 1593 2884 rrubis
1615 2839 1675 2897 urae
1695 2839 1765 2897 pres

119 2918 220 2975 auditote
233 2930 291 2976 tua.
304 2920 360 2978 lloe
373 2929 424 2985 est,
438 2927 466 2976 ut
477 2933 538 2975 eum
553 2915 737 2989 Esarrpelioet
748 2932 797 2973 nos
812 2916 911 2975 babea-
961 2912 1077 2970 cedebat
1091 2928 1150 2971 eos.

118 3026 172 3067 urus
196 3022 313 3083 partem,
335 3013 383 3085 ruri
403 3013 432 3074 io
453 3010 539 3070 reteri
563 3012 622 3083 lepe
637 3007 908 3091 iaetisumuustloou.
1000 3003 1115 3064 Etdedit
1140 3007 1178 3062 eis
1192 3008 1329 3080 petitiones
1352 3024 1452 3077 torum,
1468 3019 1494 3065 et
1509 3010 1578 3073 misit
1597 3011 1762 3074 saturitatem

118 3101 180 3173 riu).
198 3103 337 3161 Abrabam
352 3104 423 3158 cuim
449 3110 631 3172 paternoster
645 3099 714 3157 vidit
727 3100 799 3157 diem
814 3108 908 3170 tuum,
961 3096 989 3150 tn
1003 3097 1102 3153 artimus
1113 3115 1213 3155 eorum.
1227 3099 1262 3157 tlt
1277 3101 1410 3176 spirituali
1421 3101 1484 3168 cibo
1494 3103 1647 3182 poculoque
1661 3104 1759 3166 retre-

118 3204 143 3249 ιι
153 3196 256 3266 parisus
271 3206 325 3253 est.
340 3194 487 3254 Videamus
501 3208 568 3267 erge
583 3204 608 3251 et
626 3208 687 3263 uos,
703 3202 730 3251 et
743 3193 910 3267 gaudeamus
924 3186 947 3252 C
964 3198 1067 3247 rentrrr.
1276 3182 1278 3186 ’

118 3298 172 3341 curn
183 3286 343 3352 haereditate
359 3296 414 3347 tna.
1001 3279 1035 3336 lit
1048 3283 1217 3342 irritaberunt
1230 3283 1338 3358 llopsea
1349 3286 1376 3343 tn
1389 3288 1491 3357 costst's,
1506 3298 1529 3345 st
1542 3288 1631 3354 Aaron
1645 3298 1762 3363 sonetum

148 3376 317 3437 Peccavimus
328 3396 386 3435 eum
400 3377 515 3453 patribus
527 3378 631 3434 nostrin
645 3376 705 3432 bitti
720 3377 804 3433 secuti
816 3390 910 3433 sumus
963 3376 1023 3433 Dei.
1038 3376 1239 3458 chemutique
1266 3391 1294 3436 ct
1315 3379 1501 3439 sacerdotium
1525 3383 1600 3439 stulti
1624 3383 1734 3451 irritant
1751 3402 1758 3442 s

116 3479 212 3541 patres.
236 3473 296 3529 lloc
311 3471 425 3529 lecimus
437 3470 511 3544 quod
528 3480 556 3527 et
569 3479 661 3543 patres
675 3470 762 3527 nostri
775 3468 909 3529 lecerunt.
961 3485 1024 3529 cum
1039 3472 1085 3527 bei
1101 3482 1247 3548 praecepta,
1260 3489 1308 3547 per
1320 3490 1368 3533 eos
1383 3476 1516 3541 numiats,
1532 3490 1586 3542 nou
1600 3476 1723 3539 andium.

115 3567 210 3625 Orsines
219 3568 296 3625 cuim
312 3566 362 3627 sub
376 3573 488 3639 peccato
507 3564 658 3635 conclusit,
676 3574 704 3621 ut
718 3556 844 3621 comnibus
856 3565 909 3631 uri·
998 3564 1097 3637 Aperta
1110 3577 1146 3619 eu
1160 3574 1238 3644 toro,
1253 3576 1277 3621 et
1287 3566 1423 3639 deplutim't
1437 3565 1552 3635 borbon,
1566 3580 1590 3622 et
1602 3568 1705 3647 operuit
1718 3584 1761 3623 sn·

116 3668 246 3717 sereretur
273 3656 375 3732 (Galat.
403 3661 453 3731 tu).
484 3657 585 3733 lrtjrrsto
611 3657 910 3734 epiurustt'uiqm'tateus
963 3674 1009 3731 per
1022 3661 1247 3735 conprepotiunem
1266 3659 1373 3729 Abiecit,
1398 3669 1421 3714 et
1436 3660 1616 3734 exueritium's
1636 3663 1664 3715 irs
1684 3677 1763 3735 ruas·

115 3750 228 3823 [ecimus.
245 3750 611 3825 biitgcoteranirnaduutte
626 3750 689 3823 qnid
703 3749 774 3805 dicat
787 3764 796 3806 t
811 3747 909 3805 Pecto·
962 3767 1028 3823 popo
1049 3768 1148 3819 eorum,
1174 3760 1197 3805 et
1218 3755 1325 3824 (tommo
1343 3752 1482 3809 combussit
1496 3766 1652 3827 percuteres.
1678 3753 1761 3820 Facta

116 3846 194 3911 tinius
207 3862 267 3904 casm
281 3844 399 3918 patritus
413 3846 520 3912 uostris,
535 3844 631 3918 injuste
644 3842 763 3919 epirum,
787 3842 910 3913 iniquitu-
962 3856 1025 3897 sum
1042 3844 1099 3899 brec
1113 3844 1262 3902 secuudum
1278 3844 1405 3900 litteram.
1420 3845 1473 3901 Sed
1489 3855 1517 3901 et
1531 3860 1602 3901 notre
1615 3860 1663 3902 cos
1676 3846 1760 3903 dero·

117 3948 164 3995 tem
173 3940 292 4015 [cetoros.
308 3938 442 4011 Numquid
455 3938 533 4007 dixit,
548 3938 630 4011 impie
640 3934 766 4007 egimus?
780 3934 853 3991 aliod
869 3944 912 3996 est
962 3944 1006 3992 rat
1017 3944 1087 3990 terra
1106 3948 1132 4004 er
1147 3936 1261 3995 exardet
1272 3937 1356 4009 ignis,
1370 3940 1414 4009 spui
1432 3945 1538 3995 terrena
1554 3939 1664 4020 sapiunt
1678 3949 1705 3995 et
1719 3954 1761 3997 re·

116 4041 283 4105 peccatorem
297 4048 358 4091 esse
372 4042 399 4090 et
412 4032 553 4105 ittjustum,
566 4028 638 4090 aliud
651 4038 693 4089 est
706 4044 769 4085 esse
784 4026 909 4101 turpium.
962 4029 1089 4086 cedunta
1116 4030 1249 4087 mandatis
1271 4032 1329 4105 liei,
1354 4048 1421 4103 unos
1438 4048 1491 4088 uuu
1516 4032 1653 4089 tttnrninu
1674 4034 1762 4110 pratia

117 4124 243 4185 Peccator
267 4128 426 4200 trequenter
451 4125 746 4190 rincitnriubrmitate
769 4127 910 4199 eorporis:
962 4121 1079 4193 Spiritus
1093 4122 1199 4191 saneti;
1216 4124 1264 4180 sed
1281 4124 1406 4181 accendit
1423 4124 1532 4181 baurma
1548 4124 1661 4193 peceati.

31 4292 32 4295 Ἴ
117 4219 212 4292 impius
228 4233 319 4279 autem
337 4232 417 4293 negat
433 4220 527 4277 lteram.
542 4218 691 4294 Propterea
703 4234 768 4303 erpo
782 4218 910 4291 ursoniam
999 4212 1034 4269 ll't
1044 4218 1159 4290 [eroum
1172 4215 1278 4271 titulum
1294 4218 1320 4271 in
1336 4216 1434 4285 Horeb,
1451 4226 1476 4272 et
1490 4218 1667 4274 adorauerunt
1686 4217 1760 4283 settl-

115 4330 163 4385 cgo
178 4331 231 4373 nou
246 4330 308 4378 sum
323 4316 431 4387 impius,
444 4313 490 4377 setl
508 4320 644 4385 peccetur,
663 4320 804 4383 propterea
823 4311 911 4368 audeo
963 4310 1035 4385 ptile,
1051 4318 1076 4365 et
1085 4320 1249 4367 mutarerunt
1258 4310 1371 4393 ptoriout
1382 4328 1457 4367 suom
1474 4312 1501 4366 in
1516 4309 1712 4370 similitudinem
1723 4312 1761 4367 oi·

115 4420 209 4478 rogare
220 4422 273 4490 pro
286 4407 406 4479 puocatis
425 4404 502 4461 meis.
963 4404 1013 4461 tuti
1034 4404 1187 4461 comedentis
1200 4405 1298 4479 senum.
1322 4404 1351 4460 ln
1367 4406 1424 4463 [teo
1446 4405 1518 4461 euim
1544 4405 1675 4475 debuerat
1699 4420 1761 4468 esse

148 4498 241 4557 Patres
252 4500 335 4569 uestri
349 4500 376 4555 io
387 4496 504 4577 AEpppto
517 4513 569 4567 ¹stou
582 4494 769 4555 intellexerunt
780 4494 911 4561 mirabilia
962 4498 1046 4569 gloria
1074 4514 1184 4568 eorum3
1200 4498 1248 4556 sed
1272 4497 1368 4553 relieto
1391 4512 1434 4568 eo,
1456 4498 1604 4558 simulacre
1629 4508 1706 4555 muto
1730 4508 1759 4565 et

115 4586 168 4653 t‘nn.
182 4596 327 4665 Viderunt,
343 4604 370 4651 et
382 4610 437 4654 utto
452 4593 587 4651 viderunt.
610 4591 742 4649 Viderunt
755 4591 912 4649 carnalibus
925 4587 951 4652 D
965 4592 1047 4649 surdo
1061 4592 1157 4649 dames
1170 4592 1297 4665 gloriam.
1311 4592 1459 4649 dicebant:
1477 4584 1507 4649 l'li
1523 4601 1586 4652 sunt
1600 4593 1637 4661 dii
1652 4595 1703 4663 spi,
1721 4593 1761 4648 tr-

116 4689 212 4761 emulis,
228 4698 257 4747 ot
270 4687 458 4767 spiritualibus
474 4686 560 4746 oeulis
576 4702 628 4743 oon
646 4684 781 4755 viderunt.
797 4684 856 4745 Nou
874 4685 913 4740 di·
965 4684 1021 4741 rael
1045 4682 1145 4755 (deod.
1161 4668 1260 4756 xxxta).
1283 4682 1328 4741 Sic
1344 4696 1371 4739 et
1386 4700 1456 4740 utine
1471 4685 1494 4740 sl
1509 4684 1582 4757 puls,
1598 4686 1693 4755 relicta
1714 4684 1764 4755 lle-

115 4781 164 4851 xit,
179 4798 234 4839 nort
248 4776 393 4839 viderunt:
409 4779 470 4849 sed,
495 4796 546 4835 nort
568 4776 761 4835 intellexerunt.
782 4776 824 4832 llli
841 4775 914 4833 enim
966 4776 1058 4847 closis,
1073 4786 1162 4833 sortes
1183 4776 1370 4851 pythonesque
1392 4777 1521 4848 consulit,
1543 4775 1761 4859 mutaturploriu
1832 4775 1835 4782 ’

115 4875 243 4949 rittepuut
259 4874 404 4944 mirabilia,
419 4883 447 4930 et
462 4889 515 4929 rtou
532 4872 734 4929 intellexerunt.
759 4870 818 4928 Nou
838 4872 912 4937 epim
966 4870 1037 4942 ejus,
1050 4880 1079 4926 et
1091 4870 1186 4926 sitnilis
1200 4870 1298 4941 prendi
1311 4870 1340 4927 llt
1356 4889 1363 4926 ι
1377 4872 1447 4931 sicut
1468 4869 1605 4943 utttrudam
1620 4869 1763 4933 Nannieno,

116 4983 145 5024 ea
159 4967 295 5039 spirituali
308 4966 564 5036 contemplabantur
575 4964 684 5027 iutuitu.
702 4962 796 5019 Etaoo
810 4962 916 5041 sumum
967 4964 1088 5021 donosor
1101 4964 1183 5039 (boa.
1208 4962 1256 5037 rr).

115 5076 242 5120 ureutores
257 5059 431 5120 multitudiuis
446 5056 632 5113 misericordior
647 5066 707 5112 tute.
731 5057 853 5125 Qualiter
866 5071 914 5112 eos
1004 5056 1084 5111 Obtiti
1099 5064 1158 5111 suut
1171 5054 1255 5111 Deum
1268 5058 1314 5129 qni
1324 5056 1429 5113 saluauit
1442 5074 1485 5114 eos
1496 5073 1506 5112 :
1518 5057 1561 5128 uui
1577 5056 1637 5129 pots
1655 5071 1765 5127 mopuu·

115 5152 148 5207 dn
165 5152 293 5209 utentibus
308 5151 478 5209 inimicorum
492 5152 625 5225 eripuisti.
643 5150 696 5207 Sed
713 5150 792 5207 bodie
807 5166 914 5223 qtrouue
969 5149 1005 5203 lin
1026 5151 1053 5203 iu
1066 5147 1193 5222 AEpppto.
1207 5148 1242 5206 itt
1255 5164 1286 5205 ca
1299 5150 1387 5224 plagis
1399 5148 1542 5208 verberata
1559 5149 1687 5221 populum
1701 5148 1767 5206 libe

115 5227 343 5311 urirnbilia'ioeis.
359 5244 472 5302 bomine
486 5263 493 5299 ι
509 5260 570 5302 cum
585 5258 633 5299 uos
650 5258 663 5299 a
682 5244 801 5313 tenebris
822 5242 914 5299 mutuli
966 5253 1051 5301 raret.
1078 5242 1112 5298 Et
1134 5243 1263 5299 mirabilia
1286 5246 1312 5299 iu
1326 5253 1396 5300 terro
1412 5241 1501 5298 cbnrn.
1531 5242 1614 5307 Cum,
1629 5242 1767 5301 derelictis

116 5348 227 5409 ereptos
240 5336 363 5411 dignioris
377 5337 543 5395 illuminare.
968 5337 1103 5409 pentibus.
1121 5338 1194 5413 ipsos
1209 5339 1237 5394 iu
1250 5353 1345 5395 eorum
1362 5347 1433 5392 terra
1449 5338 1590 5406 plantavit.
1611 5336 1646 5394 Et
1664 5338 1768 5397 terribi-

152 5428 186 5485 ldt
198 5432 363 5489 irritaberunt
377 5429 541 5494 ostendentes
553 5430 580 5486 lu
595 5444 665 5485 orme
675 5428 812 5499 ¹lbrbrum:
826 5438 850 5485 ct
864 5428 916 5490 sol·
969 5434 1005 5489 liu
1019 5434 1046 5488 ia
1055 5434 1120 5491 mori
1132 5431 1231 5491 Rubro.
1241 5430 1277 5498 tlt
1289 5430 1431 5486 l‘ltaraone
1443 5430 1589 5497 exstincto,
1603 5430 1706 5490 siceum
1717 5445 1767 5507 po·
1813 5448 1817 5454 ’

115 5528 181 5581 uouit
194 5544 250 5594 eos,
265 5534 317 5583 etc.
330 5526 409 5583 Facta
424 5533 486 5581 sunt
500 5525 571 5581 euim
587 5523 678 5581 bacin
690 5524 780 5580 lsrael.
791 5523 844 5582 Sed
860 5522 918 5579 aul·
968 5527 1041 5601 pulls
1052 5525 1190 5599 praeberet
1206 5528 1341 5579 incessum
1354 5520 1452 5594 (deod.
1467 5523 1533 5595 ιιι).

118 5618 343 5675 madvertendum
357 5626 397 5674 est
411 5616 484 5688 utria,
501 5616 572 5688 quod
588 5615 624 5672 ibi
641 5615 692 5672 luit
703 5616 809 5683 umbra,
824 5616 851 5671 irt
868 5614 919 5672 Ee·
1006 5618 1080 5675 breis
1094 5626 1122 5672 ut
1139 5616 1297 5690 disperderet
1316 5615 1394 5670 eossl
1413 5632 1466 5669 nort
1482 5614 1586 5689 llopses
1600 5614 1696 5670 eiectat
1711 5614 1768 5686 ejus

116 5717 199 5773 clesta
214 5713 315 5770 tertias
342 5722 387 5771 est
410 5713 554 5784 completa.
577 5711 661 5783 lpitur
685 5711 851 5782 baptismum
874 5710 919 5767 sel
970 5711 1079 5767 stetisset
1093 5704 1347 5780 iueonsruetiouet'n
1361 5718 1499 5782 conspeetu
1516 5710 1585 5782 eius,
1599 5713 1653 5763 eto.
1672 5706 1769 5761 dtteu-

119 5822 186 5867 rrtrr
202 5806 307 5864 cbristi
320 5805 496 5891 pereuntibus
511 5804 626 5864 stultitia
644 5812 695 5861 est.
715 5802 840 5863 lrrltatur
854 5816 919 5878 ergo
970 5804 1004 5860 de
1020 5804 1087 5871 baec,
1114 5817 1130 5856 o
1154 5798 1302 5857 sacerdos:
1323 5799 1442 5873 perierat
1466 5798 1538 5857 enim
1565 5798 1691 5873 populus,
1716 5794 1771 5853 nisi
