4000 6334
243 222 299 290 lid
636 229 812 292 lPPliNlllll
830 230 877 290 ab
896 225 1019 288 'ldilllll
1039 223 1215 286 suatttttttt
1233 227 1263 288 S.
1284 226 1485 288 btttuutttttt.
1829 242 1873 304 pan

246 351 294 423 qui
313 347 394 408 docet
418 347 558 409 bominem
572 349 714 408 scientiam
730 394 738 419 ,
759 346 856 406 audire
869 355 1045 419 consumpse
1057 343 1082 403 A
1095 357 1174 413 rupa
1186 360 1227 399 rur
1246 353 1338 418 puteus
1357 363 1387 402 or
1397 363 1485 406 ruam.
1505 346 1623 407 Proinde
1650 350 1800 412 noverimus
1818 361 1872 431 quia

247 443 315 514 rint,
331 459 380 516 per
391 443 523 518 gladium,
539 442 565 500 td
588 450 640 511 est,
657 441 785 515 perhanc
801 439 996 498 mortalitatem
1010 440 1046 496 de
1101 437 1160 493 luca
1183 436 1358 498 infernalium
1384 444 1605 515 ergastulorum,
1635 448 1781 506 secundum
1804 452 1875 512 fldem
1966 452 1968 467 '

248 537 302 596 boc
322 537 423 596 seculo
445 537 639 611 praeteribunt,
655 546 686 592 ut
699 536 727 593 in
743 534 869 604 stultitia,
891 533 919 592 itl
934 544 993 603 est,
1019 532 1048 592 in
1100 529 1322 602 Summuranum,
1346 535 1418 592 inter
1444 535 1593 595 immensas
1615 540 1706 613 abyssi
1729 556 1808 615 aquas
1830 548 1877 604 siut

249 631 304 690 illis
327 631 410 700 locis,
426 632 471 690 ubi
494 631 570 689 stulti
597 630 814 705 deputabuntur,
828 630 874 702 qui
898 629 997 687 dicunt
1020 628 1048 686 ia
1099 626 1248 681 constituta
1263 643 1271 682 ι
1286 627 1321 682 ab
1336 627 1481 687 illisinleri
1500 631 1612 689 sedibus
1636 633 1877 696 nullusbomomc-

248 725 334 783 corde
354 740 417 794 suo,
443 741 495 782 nort
508 733 547 782 ιιι
568 724 650 794 Deus,
666 724 780 785 aeternis
792 724 961 784 unanimibus
981 740 1050 783 con·
1101 717 1154 773 rito
1166 732 1217 775 suo
1227 718 1358 777 liberatus
1372 731 1426 794 est,
1441 723 1495 781 nisi
1508 726 1597 796 gratia
1612 725 1718 784 Domini
1730 730 1811 786 nostri
1823 731 1878 790 lesu
1966 738 1968 764 ²

250 825 405 876 sumantur.
1100 809 1213 868 Cbristi.
1226 811 1261 868 lit
1274 827 1327 868 non
1338 813 1439 885 solum,
1457 814 1545 888 inquit
1562 815 1654 886 lleliu,
1668 833 1684 873 a
1706 822 1827 878 tartareis
1839 838 1880 880 au·
1966 893 1968 897 .

285 909 741 984 Simulatorcseteullidiprouocatus
753 911 822 969 iram
832 909 893 982 lici,
905 911 1051 986 maerin·
1100 907 1199 979 guallis
1222 907 1404 969 liberaberis.
1428 925 1525 967 rerum
1546 910 1628 969 etiam
1651 911 1679 970 in
1698 911 1824 971 latissimo
1844 934 1881 972 ιι-

248 1003 356 1060 molunt
368 1019 427 1059 oum
440 1005 519 1060 murti
530 1004 638 1076 ιιιιίιιι.
652 1003 745 1077 ipsum
757 1012 885 1062 sanctum
898 1006 950 1063 lob
969 1021 1052 1079 apor-
1101 999 1205 1073 lrigerii
1224 1016 1352 1071 nemore,
1369 1003 1443 1062 uelut
1458 1003 1603 1078 inrumpis
1620 1006 1749 1079 spatiosis
1761 1006 1827 1066 liber
1845 1010 1880 1068 iu·

251 1095 306 1154 tius
321 1096 349 1154 in
361 1097 414 1154 boc
427 1096 536 1154 ridetur
549 1096 628 1156 lleliu
639 1099 717 1170 qussi
730 1113 763 1156 ιιι
772 1098 885 1171 obliquo
896 1112 1050 1172 percutere,
1102 1096 1196 1154 cedes.
1966 1161 1968 1173 Ι

250 1187 323 1261 quod
336 1196 365 1248 et
377 1192 434 1262 ipse
446 1191 523 1260 quasi
534 1190 631 1248 callide
644 1199 673 1248 et
686 1191 812 1264 nequiter
824 1200 919 1266 ageret
935 1211 943 1249 r
960 1194 1051 1252 uirum
1139 1192 1253 1267 lleqairr
1266 1201 1354 1249 catera
1376 1210 1472 1252 ιιιιιιιι
1491 1202 1542 1252 ιιιι
1560 1196 1610 1252 erit
1630 1195 1707 1267 platus
1731 1194 1880 1270 paparano.
1966 1178 1968 1210 ⁵

250 1297 359 1356 quoque
372 1285 512 1358 egregium
523 1285 676 1344 simularet.
690 1285 797 1360 Quique
809 1287 890 1344 etiam
904 1303 967 1346 cum
978 1296 1053 1346 esset
1103 1285 1298 1344 amoenitatem
1311 1287 1441 1359 paradisi,
1454 1287 1703 1359 etlucurulitatem,
1712 1287 1827 1359 requiam
1841 1305 1881 1342 m·

250 1376 360 1434 rinctus
375 1377 462 1452 plagae
474 1378 555 1451 buius
568 1378 755 1452 compedibus,
770 1380 889 1438 ciamare
904 1381 938 1437 ad
954 1381 1050 1453 ileum,
1104 1379 1234 1438 minando
1255 1380 1431 1454 signiticarit.
1447 1379 1611 1439 immensum
1626 1395 1693 1438 rero
1705 1379 1884 1438 abundantiam
1966 1346 1968 1467 l

251 1471 419 1529 etiurocare
429 1487 506 1540 eum,
521 1483 577 1528 uta
593 1472 698 1546 laqueis
711 1472 864 1546 poenalibus
875 1474 994 1547 illigatus
1006 1475 1054 1532 ab·
1105 1473 1167 1530 rite
1186 1471 1285 1541 beatae,
1298 1489 1358 1545 quas
1374 1481 1449 1530 esset
1467 1470 1548 1543 plena
1564 1470 1701 1530 ubertatis
1723 1471 1883 1542 pinguedine,
1966 1526 1968 1537 ,

250 1565 419 1636 solueretur,
436 1566 550 1623 minime
570 1573 702 1634 curaret,
729 1567 803 1641 quod
815 1567 908 1639 utique
921 1567 1054 1640 despera·
1104 1580 1137 1622 ac
1150 1564 1204 1623 loci
1232 1566 1308 1624 illius
1322 1565 1410 1624 leliois
1433 1564 1539 1623 relerta
1551 1564 1671 1632 deliciis,
1685 1563 1772 1620 uoluit
1785 1564 1884 1620 denun-
1966 1542 1968 1605 l

253 1657 328 1715 tione
355 1658 413 1717 sire
435 1667 596 1732 contemptu
620 1659 738 1718 laceret.
759 1660 799 1718 [ιι
823 1662 932 1719 ceteris
945 1677 1055 1736 quoque
1105 1667 1215 1717 strare:
1230 1659 1310 1731 cuius
1325 1668 1427 1718 terram
1455 1668 1579 1716 sanctam
1599 1656 1738 1714 mansueti
1751 1656 1885 1715 secundum
1966 1654 1968 1681 ³

252 1753 445 1825 peccatoribus
467 1753 597 1812 similiter
620 1753 674 1812 boo
699 1757 789 1828 ipsum
812 1763 903 1828 potest
916 1756 1052 1831 intelligi,
1068 1749 1348 1826 Brepromissionem
1362 1751 1470 1810 Domini
1484 1751 1676 1824 possidebunt·
1966 1798 1968 1801 .

253 1846 299 1920 qui
315 1861 377 1905 cuut
392 1847 518 1904 uenerint
543 1847 573 1904 in
587 1847 752 1920 prolundum
768 1849 913 1920 malorum,
928 1859 1053 1908 ιοιιιιιιι·
1140 1847 1229 1905 Causa
1254 1856 1300 1904 tua
1323 1846 1398 1918 quusi
1414 1846 1490 1920 impii
1506 1844 1630 1918 judicata
1652 1852 1703 1913 est,
1715 1843 1887 1915 ommmjndi·

254 1947 321 1996 nent
343 1954 351 1996 ι
377 1949 406 1998 ιι
420 1938 581 2011 deludaeis,
596 1950 624 1998 ιι
636 1939 832 2010 denarrans,
846 1944 892 2015 qut
912 1941 1055 2016 dosadog-
1104 1945 1224 2017 clamque
1241 1943 1361 2015 recipies.
1383 1939 1490 1998 iudicio
1509 1939 1556 1997 Dei
1578 1948 1607 1996 ut
1631 1937 1747 2008 impius,
1760 1947 1787 1995 ιι
1809 1951 1887 2011 pena
1966 2018 1968 2021 Ι

253 2043 327 2091 mata
341 2035 418 2107 quasi
437 2036 562 2094 veritatis
575 2035 715 2094 retamim
733 2037 905 2110 operientes,
921 2039 949 2094 in
965 2038 1055 2096 noctis
1104 2053 1165 2096 rum
1179 2037 1286 2096 debitur
1299 2051 1364 2094 reus
1387 2035 1572 2102 iurentuses,
1587 2032 1737 2091 etidcirco
1755 2032 1887 2092 uouudun
1966 2083 1968 2093 ‚

253 2129 368 2204 perlldia
382 2132 522 2189 obstinato
536 2139 566 2189 et
580 2131 710 2190 obturato
726 2131 811 2188 corde
825 2130 986 2204 persistunt.
1105 2133 1234 2190 meritum
1256 2145 1347 2190 causas
1371 2138 1436 2198 tua,
1450 2128 1581 2201 judicium
1606 2126 1811 2186 severissimum
1824 2141 1888 2184 rece·
1966 2186 1968 2201 ,

290 2224 419 2284 llorietur
428 2227 456 2283 in
471 2235 621 2299 tcntpestnte
634 2228 722 2284 smirna
735 2241 838 2297 coram,
861 2237 886 2283 ιι
898 2211 951 2284 or'to
965 2243 1056 2284 corum
1105 2225 1181 2300 pisti.
1196 2225 1231 2282 Et
1246 2225 1294 2282 ubi
1307 2224 1412 2282 dictum
1431 2231 1484 2291 est,
1496 2237 1608 2279 causam
1619 2220 1808 2294 judiciumque
1826 2221 1887 2278 roei·
1966 2270 1968 2307 ᾖ

251 2317 320 2375 inter
333 2317 507 2390 effeminatos.
524 2318 645 2377 vitiosos
669 2329 698 2378 et
711 2320 775 2377 titia
798 2333 859 2378 esse
872 2319 1054 2390 noverimus,
1106 2319 1177 2393 pies,
1189 2318 1385 2386 aliidixeruut,
1399 2326 1507 2392 propter
1517 2316 1677 2390 inmissurum
1687 2327 1889 2384 marsorumque

254 2427 315 2485 quas
333 2411 404 2472 aloru
429 2413 630 2499 derirsutibus
656 2414 741 2471 animi
762 2413 832 2473 nibil
856 2415 882 2472 in
898 2430 930 2473 se
955 2414 1057 2474 babent
1106 2413 1300 2486 accipiebant:
1325 2410 1371 2467 ubi
1392 2410 1445 2469 sub
1469 2409 1624 2484 pluralitate
1642 2407 1810 2476 locutionis,
1833 2422 1888 2462 san·
1966 2408 1968 2480 ᾗ

254 2510 399 2583 quietum,
426 2509 517 2582 uirile,
532 2520 562 2568 et
575 2510 666 2582 lrugi,
680 2508 730 2570 sed
743 2518 831 2568 totum
847 2509 1056 2579 turbulentum,
1106 2515 1181 2564 ctum
1191 2505 1245 2564 lob
1263 2504 1344 2562 ileliu
1358 2503 1466 2560 uidetur
1477 2502 1560 2560 lerire
1577 2501 1763 2559 sermonibus.
1966 2588 1968 2595 Ι

255 2600 401 2660 remissum
414 2608 444 2660 et
456 2600 554 2675 dragite
569 2620 576 2659 ι
593 2601 631 2660 ita
645 2616 760 2660 neeesse
775 2610 819 2660 est
833 2612 863 2660 ut
885 2601 962 2660 velut
988 2611 1058 2660 tem·
1144 2599 1206 2656 Nou
1219 2609 1244 2657 ιι
1257 2609 1318 2672 erpo
1332 2607 1434 2672 superet
1443 2597 1494 2664 iro,
1507 2605 1536 2652 ut
1547 2595 1662 2669 aliquem
1682 2595 1835 2670 opprirrrar,·
1852 2609 1891 2648 ιιι
1966 2600 1968 2681 j

254 2702 360 2770 pestate
374 2695 493 2754 animam
513 2709 623 2769 semper
638 2696 696 2754 suis
721 2696 861 2755 illecebris
883 2697 1057 2771 inquietent,
1107 2697 1248 2754 multitado
1269 2696 1401 2751 donorum
1421 2694 1529 2751 treton
1544 2702 1578 2749 ιι.
1593 2692 1717 2749 Docetur
1731 2691 1892 2748 abllrliurir
1966 2730 1968 2773 3

256 2795 418 2862 portumque
434 2788 567 2846 uirtutum
582 2788 723 2846 bominem
736 2803 790 2847 nort
801 2789 1058 2862 sinantapprebeu-
1109 2790 1251 2870 patientia
1269 2796 1298 2846 et
1316 2785 1483 2860 integritatis
1506 2785 1608 2842 uirtute
1629 2783 1809 2842 fortissimus.
1829 2782 1891 2852 Opti·

256 2881 334 2952 dere,
350 2891 380 2944 et
390 2881 423 2940 lit
436 2883 496 2942 istis
510 2882 610 2941 talibus
625 2882 765 2953 ductibus,
776 2883 849 2956 quod
858 2882 990 2942 Salomon
999 2884 1057 2951 ait.
1110 2901 1171 2943 mua
1183 2882 1268 2956 iudea
1278 2892 1338 2951 est,
1354 2883 1400 2956 qui
1416 2880 1462 2938 bis
1474 2880 1614 2952 pessimis,
1629 2878 1774 2938 iracundia
1792 2888 1818 2936 ιι
1829 2878 1892 2950 cupi·
1966 2910 1968 2953 t

257 2984 288 3032 ut
299 2975 390 3049 jaceas
412 2976 503 3032 anima
520 2985 659 3050 tamquam
681 2977 709 3033 in
723 2977 809 3036 corde
824 2977 919 3046 maris,
935 2986 963 3034 et
983 2978 1061 3036 relus
1110 2977 1206 3045 ditate,
1229 2976 1336 3033 duobus
1348 2975 1421 3033 uitiis
1435 2990 1491 3032 nou
1517 2983 1649 3033 tenetm:
1672 2975 1774 3048 quibus
1785 2973 1832 3033 boc
1844 2973 1893 3029 loro
1966 2975 1968 3025 ἰ

256 3069 425 3144 gubernator
448 3071 476 3129 in
500 3085 598 3142 magna
623 3079 799 3144 tempestate.
817 3070 868 3129 Vel
895 3069 977 3128 aliter
992 3080 1061 3129 tem·
1111 3073 1147 3130 ab
1161 3070 1241 3129 lleliu
1255 3080 1367 3128 sanctus
1380 3071 1577 3142 rireorrcptus
1592 3068 1731 3142 argultur.
1966 3116 1968 3121 .

258 3173 352 3238 passas
367 3166 502 3224 adrentus
514 3182 547 3225 ae
559 3167 693 3240 judicium
709 3168 758 3226 liei
769 3175 822 3239 est,
832 3167 867 3228 de
877 3171 1017 3243 quodiam,
1031 3151 1095 3226 tnC
1149 3167 1255 3240 Depone
1268 3167 1471 3241 magnitudinem
1485 3166 1667 3239 tuansulsqus
1678 3165 1893 3231 ιιιιιιιιιιιι,ιι

256 3258 396 3316 circumitu
406 3261 463 3333 ejus
473 3269 610 3334 teutpertus
619 3258 716 3319 ualida.
1111 3278 1198 3319 omues
1207 3264 1327 3318 robustos
1337 3262 1503 3335 [ιιιιιιιιιίιιι.
1516 3261 1546 3320 td
1557 3270 1612 3331 est,
1624 3276 1675 3318 nec
1684 3273 1838 3334 parrusueo
1846 3272 1894 3313 nra·
1966 3288 1968 3339 l

295 3350 398 3423 Eripiet
416 3355 448 3409 de
461 3354 581 3427 onpmtio
602 3372 653 3412 ana
667 3341 817 3428 pauperem.
833 3356 986 3432 Pauperem
1000 3357 1060 3417 Sal·
1110 3371 1179 3430 gnos
1193 3365 1238 3412 tua
1253 3356 1355 3428 iniusta
1367 3354 1509 3428 opprimas
1531 3354 1739 3425 dominatione,
1757 3354 1798 3412 rel
1813 3365 1894 3409 trmncs

259 3456 385 3504 satorem
405 3458 530 3504 nostrum
541 3448 731 3520 intelligimus,
745 3451 791 3523 qui
807 3461 919 3524 propter
933 3467 982 3510 nos
994 3466 1061 3524 patt-
1110 3462 1203 3511 motus
1216 3451 1325 3523 depone
1337 3451 1498 3510 lenitudine
1513 3452 1653 3525 superbia
1665 3451 1821 3510 roboratus.
1966 3516 1968 3521 ,

259 3541 410 3614 perlaetus
425 3550 487 3612 est,
501 3541 548 3615 qui
567 3542 594 3602 in
609 3541 810 3603 diebusaarnis
824 3561 896 3616 sno,
913 3561 1008 3620 preces
1028 3563 1061 3604 ιι
1148 3541 1525 3614 supranominatorum
1546 3541 1894 3619 merramprprttpmrtr.
1966 3536 1968 3577 ³

259 3632 474 3708 supplicationes
487 3634 563 3693 l’atri
577 3635 676 3694 obtulit
688 3677 697 3706 ,
711 3646 742 3694 ut
761 3647 881 3711 possets
895 3623 984 3698 morte
1002 3641 1060 3698 sal·
1111 3636 1174 3694 lam
1183 3635 1280 3695 suldcit
1297 3636 1439 3710 bucusque
1446 3637 1474 3695 iu
1485 3637 1536 3696 bac
1548 3638 1674 3703 cecitate
1685 3636 1855 3697 risisselun
1866 3634 1894 3691 al
1966 3632 1968 3711 ᾗ

260 3746 325 3788 runs
339 3729 433 3790 lacere
443 3747 603 3805 pauperem,
617 3742 742 3792 sanctum
763 3735 893 3807 populum
906 3735 956 3793 liei
972 3735 1058 3792 immi·
1113 3730 1202 3789 lucem
1219 3730 1418 3804 prudentiane
1436 3733 1552 3805 justitiae
1571 3731 1666 3791 uenire
1681 3731 1896 3791 eontmderaire
1966 3798 1968 3801 ¹

260 3821 316 3881 lem
349 3824 459 3897 spiritu.
489 3823 538 3882 Vol
571 3840 719 3898 pauperem
745 3827 899 3901 quemlibet
924 3827 1061 3900 justorum
1112 3824 1896 3898 rrocoemquamtibieadirersispeccatisconteauisti,ut
1966 3820 1968 3891 ζ

260 3927 339 3976 erues
349 3918 385 3977 de
396 3919 522 3992 augustia
534 3933 738 3991 pressurarum,
750 3920 912 3979 sicutetiam
925 3921 953 3980 in
962 3921 1063 3980 divinis
1114 3917 1143 3974 in
1152 3931 1186 3973 ea
1207 3918 1283 3975 relus
1296 3917 1324 3975 ist
1346 3918 1484 3977 coutinuis
1495 3935 1527 3976 ac
1536 3919 1649 3992 iugibus
1666 3928 1696 3978 et
1714 3917 1847 3993 perpetuis
1859 3929 1893 3973 tc·
1966 3996 1968 4000 ,

261 4011 413 4086 Scripturis
426 4012 538 4070 diuerso
550 4012 633 4070 modo
647 4012 763 4086 legimus
777 4013 918 4072 liberatos.
1114 4010 1207 4068 nebris
1219 4011 1376 4069 ambulares
1387 4031 1395 4069 ι
1408 4013 1464 4085 jam
1476 4028 1581 4085 quaeso,
1596 4013 1645 4084 ait,
1658 4027 1693 4071 ne
1703 4013 1793 4070 adbuc
1804 4023 1897 4084 protra·
1966 4076 1968 4080 ,

297 4102 333 4161 lis
345 4105 469 4161 revelabit
478 4105 507 4161 irs
522 4105 692 4164 tribulatione
704 4123 794 4164 aurem
808 4109 878 4181 ejus.
895 4106 924 4164 ld
936 4117 990 4175 est,
1006 4107 1063 4166 lor·
1115 4105 1183 4177 bas,
1197 4112 1227 4162 et
1240 4113 1490 4181 tamquamrestem
1511 4107 1763 4180 addendopsccata
1777 4107 1897 4180 peccatis,
1966 4118 1968 4127 ·

263 4197 299 4257 tls
313 4200 350 4256 sit
363 4199 551 4274 unusquisque
563 4215 661 4259 eorum
676 4201 703 4260 in
727 4203 914 4273 tribulatione,
930 4206 1065 4260 corrobn-
1113 4200 1142 4257 in
1156 4198 1266 4271 longum
1280 4200 1426 4258 delecteris
1443 4199 1594 4258 ostendere
1607 4219 1615 4258 ι
1629 4201 1735 4259 lumine
1747 4214 1897 4274 ergooorru·

264 4303 343 4352 rante
355 4293 515 4353 uisitatione
529 4294 635 4364 divina,
651 4296 762 4367 quando
775 4311 790 4352 a
805 4296 863 4354 beo
878 4295 962 4352 bomo
978 4297 1065 4355 tribu·
1114 4293 1217 4365 ptionis
1231 4291 1314 4365 buius
1333 4291 1390 4365 jam
1413 4292 1496 4350 linem
1517 4292 1618 4350 talibus
1640 4293 1753 4366 impone
1771 4291 1897 4366 peccatis:

264 4385 315 4445 lari
340 4389 520 4460 permittitur,
541 4388 759 4447 corrsulasiouem
782 4389 810 4446 iu
826 4390 996 4448 rarecordis
1011 4389 1066 4446 lio·
1115 4405 1182 4446 nan
1199 4389 1387 4463 protractione
1402 4389 1454 4446 bac
1475 4387 1689 4448 inemendabilis
1712 4389 1769 4447 rita
1793 4401 1835 4443 tua
1849 4385 1897 4450 iet,

264 4481 344 4548 mini,
360 4483 416 4541 illic
428 4481 566 4541 audiendo
580 4484 722 4556 percipiet.
1116 4493 1148 4540 ut
1157 4498 1208 4556 pro
1218 4483 1345 4541 omnibus
1358 4482 1436 4540 malis
1445 4481 1579 4556 operibus
1593 4483 1659 4551 tuis,
1674 4482 1835 4556 populorum
1847 4492 1899 4550 prr·
1966 4548 1968 4551 ¹

300 4573 509 4650 luitarunluobr't
522 4585 547 4635 te
568 4578 601 4634 de
614 4593 659 4635 ore
674 4593 785 4652 angusto
805 4580 942 4649 latissime,
965 4589 991 4637 ιι
1012 4596 1065 4639 ιιι
1078 4557 1165 4636 Ι)ιιι
1179 4577 1329 4636 asceudant
1354 4575 1390 4633 ab
1415 4576 1501 4633 Deum
1519 4593 1527 4633 a
1542 4591 1613 4648 quos
1627 4576 1727 4650 utiquo
1747 4571 1899 4647 iniquissime

265 4667 375 4724 bulento
385 4670 583 4742 fundumentum
597 4670 685 4729 ruitur
697 4689 735 4729 ιι.
751 4673 809 4732 Ηοι
823 4673 851 4731 in
871 4676 932 4732 loeo
943 4674 1066 4733 inlerno·
1118 4670 1303 4743 deprimebas,
1319 4669 1554 4742 interpellantium
1571 4677 1669 4727 cuutra
1683 4677 1722 4736 se,
1735 4663 1898 4739 suasquemi-
1966 4730 1968 4733 Ι

265 4761 1065 4840 rumbabitaeulaabileliudescribuntur,quaeimutensa
1117 4766 1204 4822 serlus
1213 4763 1340 4820 sibltle
1352 4761 1496 4836 irrogatas,
1511 4772 1576 4821 ³⁰¹0
1586 4761 1680 4820 mem
1690 4754 1898 4831 dit'lssaet'ffilffl‘
1966 4784 1968 4793 ·

266 4857 417 4930 capacitate
429 4859 482 4924 sui,
495 4857 701 4918 fundamentum
717 4877 771 4919 non
786 4859 918 4922 babeant.
936 4863 977 4921 sd
996 4880 1066 4938 quo-
1117 4859 1325 4933 deponentium.

265 4965 327 5008 ruta
343 4959 435 5008 saatcu
449 4950 628 5010 lundarnienta
644 4954 670 5011 in
686 4956 828 5029 propbetis
852 4955 979 5028 legimus,
996 4959 1065 5016 luci·
1152 4951 1220 5011 Cure
1232 4969 1265 5010 ιιι
1277 4953 1392 5011 declines
1405 4953 1441 5010 nt
1452 4953 1638 5024 iniquitatem:
1653 4951 1721 5009 luae
1734 4952 1802 5008 caim
1815 4947 1898 5023 sepiri
1966 4958 1968 5031 j

265 5044 354 5103 lerum
368 5047 414 5120 qul
428 5061 509 5106 mane
526 5045 665 5106 oriebatur
680 5049 834 5122 depositum
852 5069 859 5108 :
877 5052 1065 5112 multitudines
1117 5047 1192 5121 sensi
1203 5047 1414 5120 mindoniam·
1429 5041 1895 5118 fl⁰c‚l¹tt1uitllelitt‚'tteludesle-

265 5154 374 5214 quoque
386 5155 494 5215 regum,
518 5154 546 5199 et
562 5144 678 5217 populos
689 5145 908 5204 innumerabiles
930 5147 1064 5219 gentium.
1118 5142 1256 5200 rationem
1270 5140 1393 5199 declines
1408 5149 1483 5212 peto,
1502 5148 1530 5196 et
1545 5138 1724 5210 blasphemia
1743 5137 1898 5211 iniquitaten
1966 5176 1968 5219 3

265 5232 321 5291 Ore
333 5243 424 5292 autem
435 5246 553 5308 angusto
567 5233 648 5293 iuleri
665 5236 728 5294 iden
740 5238 927 5311 appellantur,
944 5239 1067 5313 eoquod
1117 5237 1174 5309 lam
1190 5249 1305 5302 musas,
1320 5234 1370 5291 sed
1386 5233 1488 5292 reuersi
1510 5233 1626 5291 lestines
1648 5234 1683 5290 ad
1706 5233 1802 5312 barum.
1828 5228 1899 5286 tideo

265 5327 386 5398 amplum
397 5328 432 5385 sit
444 5327 479 5384 ad
490 5327 693 5399 recipiendum,
704 5340 852 5402 augustum
865 5331 900 5388 ad
925 5330 1068 5390 dimittsn·
1120 5330 1192 5390 enim
1208 5340 1235 5388 te
1247 5337 1310 5402 pust
1320 5328 1403 5401 buius
1416 5329 1506 5403 plagas
1517 5339 1569 5385 tuse
1580 5328 1748 5386 borrendam
1764 5326 1898 5385 miseriam.

266 5419 333 5477 dum
353 5421 483 5493 quoniam
499 5433 624 5481 mortuos
640 5423 713 5480 iutra
728 5439 758 5481 se
771 5433 896 5496 teneant,
911 5437 939 5483 et
964 5440 1014 5484 eos
1032 5427 1067 5485 ad
1118 5425 1152 5482 ad
1164 5425 1305 5482 interitum
1318 5433 1404 5492 tuum,
1426 5424 1499 5480 banc
1511 5422 1663 5495 impietatis
1677 5421 1757 5496 sequi
1765 5419 1834 5478 uelle
1846 5431 1899 5488 pet·

268 5516 351 5574 vitam
366 5534 421 5574 non
437 5517 573 5590 patiantur
584 5519 671 5577 exire.
685 5519 769 5577 llarid
783 5535 893 5593 quoque
909 5531 1020 5578 sanctus
1030 5523 1069 5578 si·
1118 5519 1229 5592 niciam,
1240 5529 1269 5578 et
1278 5520 1447 5576 voluntatem
1459 5527 1545 5588 suam,
1561 5526 1591 5575 ιι
1601 5517 1804 5593 cogitationem,
1817 5510 1848 5569 ad
1860 5509 1901 5565 al·

266 5608 368 5666 militer
385 5609 422 5666 ait
433 5610 467 5666 ad
493 5610 578 5668 Deum
592 5630 599 5668 ι
611 5611 706 5669 bibero
718 5628 760 5668 me
773 5628 806 5668 ιι
819 5613 966 5670 odierrtibua
976 5632 1028 5684 nse,
1044 5624 1069 5671 ιι
1118 5615 1271 5671 versarium
1287 5615 1399 5671 mittere
1412 5612 1644 5684 pusillanimitate
1660 5611 1808 5682 dejectum.

268 5704 300 5759 de
314 5704 452 5776 profundis
473 5722 611 5779 aquaram.
629 5707 692 5764 Non
713 5724 755 5763 ιιι
777 5709 910 5782 danturqut
933 5721 1069 5786 ternpcatrs
1158 5705 1226 5763 Ειιι
1239 5706 1309 5762 Deus
1322 5705 1440 5761 mortens
1454 5705 1482 5761 itt
1496 5704 1654 5779 fortitudine
1676 5720 1733 5773 sun,
1749 5710 1775 5758 ιι
1788 5693 1901 5757 rullusei

267 5815 355 5873 aqam,
381 5813 463 5872 neqrrr
477 5798 612 5858 absorbeat
635 5817 675 5859 ιιι
688 5801 869 5874 profundant:
883 5819 964 5878 noque
979 5812 1071 5876 urgeos
1122 5801 1216 5859 airuilis
1235 5801 1262 5855 ira
1276 5797 1480 5872 legislatoribus.
1493 5797 1522 5856 st
1537 5798 1641 5872 poterit
1655 5796 1680 5857 ei
1693 5809 1757 5855 essa
1768 5789 1900 5868 quispifflr
