4000 6334
116 392 160 450 ιιι

355 386 683 446 (ἶθιιιιιιΝΤιιιιιθιιιιιι
702 385 737 444 to
757 379 955 444 aristotili
975 387 1021 444 ιιι
1042 386 1213 447 tlutttsuts
1233 385 1298 444 Llll.
1319 387 1341 444 ι.
1363 385 1440 445 CAP.
1462 387 1483 444 l.

1693 333 1746 444 ni

114 512 161 577 itu,
172 507 252 574 piros
268 503 293 558 io
309 503 448 570 brictibus,
465 511 477 540 ι
494 519 543 559 aare
556 521 608 558 nam
622 502 762 558 laossrionm
782 517 892 572 grossos
908 507 929 564 Λ
946 519 999 557 orm
1022 505 1062 558 usi
1087 504 1141 560 siut
1167 505 1361 572 translatores,
1377 520 1437 561 atain
1454 502 1609 560 istirtsmodi
1625 504 1747 576 licentia,

114 608 265 678 promoveat,
278 608 306 656 et
322 599 423 653 rolriem
436 599 530 654 incitet
547 597 693 654 triestiarnm
704 597 715 652 i
728 597 780 652 Sed
795 598 838 667 qm
852 596 895 652 ιιι-

114 697 187 770 ligeos
205 693 286 748 lector
307 701 360 758 est,
377 692 467 747 statim
489 691 568 747 nobis
584 692 648 746 iilud
664 700 799 762 appronat:
817 689 845 745 si
860 705 892 743 rx

113 800 179 864 parte
198 790 336 861 mgnoseit
361 787 479 858 Patruus,
502 799 530 844 et
553 805 586 843 es
603 801 680 858 porte
696 785 849 856 proptu-mr,
866 794 895 838 ιι

114 898 175 940 nnnc
187 878 258 939 uidet
270 896 319 952 per
333 880 476 952 speculum
497 881 524 936 io
544 881 688 952 marignano
704 878 726 948 ll
741 875 801 932 Car.
821 873 892 948 ιιιι),

112 977 231 1052 qurnmodn
242 975 286 1032 rel
299 974 363 1046 ipsi,
372 974 415 1030 rel
427 973 566 1045 Ephesiis,
581 975 607 1028 iu
621 973 696 1028 omni
707 969 839 1042 sapimuia
852 980 894 1025 at·

113 1089 156 1144 que
178 1070 317 1144 prodentis
341 1067 386 1125 mi
410 1068 573 1142 naysterium
590 1067 739 1122 revelatum
756 1074 797 1122 est
810 1063 822 1118 l
837 1063 894 1120 llac

112 1168 190 1240 inque
210 1165 375 1224 necessitate
388 1163 579 1234 compellimur
593 1175 699 1218 marture
717 1159 838 1215 ordinem
852 1157 890 1214 lc-

112 1259 239 1327 elicuisset
253 1255 345 1314 lucere
356 1275 363 1313 τ
373 1257 522 1314 Secundum
535 1257 659 1329 placitum
672 1253 813 1309 uoluntatis
827 1260 891 1314 ntae,

111 1356 132 1408 ia
141 1352 236 1408 taudem
247 1353 340 1424 gloriae
351 1351 445 1424 gratiae
456 1362 518 1417 trae,
532 1350 559 1402 in
572 1365 623 1420 qua
638 1345 792 1419 gratificavit
807 1360 853 1398 nos
866 1343 893 1398 in

111 1449 211 1515 dilecte,·
224 1446 251 1500 iu
267 1462 319 1508 asso
333 1444 455 1499 babemus
468 1442 669 1512 udimpuaaen
684 1456 729 1511 per
742 1439 894 1511 sanquinem

110 1539 371 1614 ipsios,remissianern
382 1547 558 1608 peccatoram,
566 1534 707 1590 scearrduns
717 1533 820 1588 diritius
833 1550 893 1604 pra·

111 1631 146 1685 tie
157 1633 218 1704 ejus,
231 1647 283 1702 qua
307 1627 449 1684 abundabit
463 1629 490 1681 in
511 1627 584 1681 arabis
597 1627 623 1680 io
639 1627 709 1680 omrai
729 1623 855 1698 sapientia
870 1631 893 1677 et

110 1723 251 1794 prudentia,
268 1729 299 1778 ιιι
313 1738 374 1777 cum
390 1721 529 1790 hucrrsqoe
544 1718 760 1781 ditinmrnnos,
775 1732 829 1788 quo
842 1716 893 1771 sci-

111 1818 177 1884 licet,
192 1816 260 1871 omni
272 1815 403 1889 sapientia
418 1823 442 1869 et
454 1811 607 1885 prudentia,
624 1809 658 1866 ad
675 1811 816 1881 superiora
829 1809 892 1878 jua-

945 595 1087 652 diulectica
1102 608 1130 653 et
1149 597 1322 668 ptnlosopbia
1343 597 1412 652 sicut
1432 595 1459 652 iu
1483 595 1580 652 Gruco
1601 597 1747 666 trrrbeotur,

945 701 1090 761 assnnrpne
1104 690 1168 746 siau.
1184 690 1249 746 Naro
1265 699 1292 746 et
1303 701 1428 746 oratores
1444 691 1469 746 in
1487 689 1616 762 epilogis,
1628 690 1670 746 ιιι
1684 700 1749 750 aitte

946 782 1001 856 [tt.
1019 781 1107 858 ιιιιιι)
1123 785 1266 858 epilogus,
1283 786 1309 842 in
1324 784 1378 842 linc
1392 800 1537 840 cerasorum
1558 796 1671 859 prtapter
1693 800 1751 844 me·

946 877 1319 950 moriamjudicometeorom
1331 878 1378 950 qni
1388 879 1501 935 audiere
1512 879 1630 952 negotia,
1642 889 1748 934 tresor-

946 971 1088 1040 datioaem,
1098 971 1124 1027 id
1135 982 1186 1038 est,
1195 974 1410 1048 ἀνακεφαλαίωσιν
1423 965 1513 1030 soleis
1527 971 1631 1040 lacere,
1646 984 1676 1029 ut
1686 989 1747 1046 quac

945 1063 1023 1136 prius
1037 1065 1117 1120 latius
1129 1065 1309 1136 disputarant,
1326 1067 1402 1122 breti
1419 1076 1511 1137 postea
1533 1081 1659 1123 sermone
1673 1081 1748 1123 corrr-

947 1155 1128 1229 prebendant,
1139 1169 1165 1214 ιι
1178 1161 1363 1230 unusquisque
1376 1159 1514 1216 recordari
1528 1177 1622 1216 eurum
1635 1159 1750 1230 incipiat

945 1265 1007 1320 quae
1021 1248 1133 1304 audiuit.
1145 1248 1252 1306 Sensus
1263 1250 1356 1322 itaque
1371 1249 1397 1304 in
1411 1252 1537 1323 praesenti
1549 1253 1609 1308 loco
1622 1252 1673 1307 iste
1685 1261 1746 1308 est:

945 1341 1041 1398 umoris
1055 1344 1224 1414 dispensatio
1238 1359 1299 1416 quae
1319 1355 1423 1402 etanta
1438 1347 1588 1417 rainardum,
1610 1357 1638 1404 et
1652 1356 1747 1418 postea

946 1451 1008 1492 esse
1023 1440 1106 1508 rupit
1122 1437 1148 1492 in
1164 1438 1275 1506 rarurrdo,
1293 1449 1347 1494 tam
1369 1440 1545 1496 invisibilium
1561 1457 1641 1513 quam
1655 1442 1749 1499 visibi-

948 1529 1014 1584 lium
1029 1541 1230 1598 creaturarum,
1247 1531 1394 1587 adrentum
1408 1530 1456 1587 Dei
1467 1516 1547 1606 557
1564 1519 1624 1590 l'ilii
1638 1533 1749 1604 pollicc-

947 1621 1128 1692 satornana
1144 1623 1292 1696 Adnnrqui
1313 1623 1348 1680 de
1369 1627 1495 1694 paradiso
1512 1629 1616 1695 ejectos
1629 1637 1681 1689 est,
1698 1642 1749 1695 par

947 1717 1116 1776 Satuaroreao
1132 1720 1301 1776 reuocandus
1312 1729 1372 1776 erat
1385 1719 1490 1794 (Genea.
1507 1719 1558 1794 ιιι).
1572 1719 1650 1792 Quod
1662 1723 1689 1778 iu
1707 1722 1748 1777 la·

949 1811 1101 1868 brientione
1115 1812 1214 1882 turris,
1229 1811 1382 1886 linguarum
1396 1816 1486 1871 sanitas
1508 1815 1595 1872 scissa
1613 1824 1655 1872 est
1669 1813 1747 1889 (Gen.

109 1918 211 1982 gantur,
233 1906 365 1980 deinceps
389 1905 562 1962 interamnis:
585 1911 675 1958 aotam
700 1902 801 1976 {aciens
822 1899 894 1955 nabis
913 1905 1004 1980 gar),
1023 1909 1051 1961 in
1065 1905 1179 1963 Astibos
1199 1909 1386 1977 apostulorum
1408 1910 1588 1980 portendebat
1611 1908 1682 1966 dorna
1698 1909 1749 1966 un.

110 2004 243 2076 srpsterisrm
260 2001 401 2058 uoluntatis
425 2016 478 2056 saro
492 1999 633 2054 sacrandum
655 1997 781 2068 placitum
805 2011 892 2051 saum.
944 2017 1061 2074 guatoni
1079 2001 1326 2076 (Antnr‚1r)‚Qn0d
1346 2002 1421 2060 {snae
1434 2005 1461 2060 in
1478 2012 1542 2078 appo
1554 2004 1672 2069 pumina,
1686 2020 1749 2060 asir.

108 2099 303 2154 potestantem
328 2107 356 2150 ct
378 2095 429 2152 bac
452 2102 579 2149 nauarentc
593 2091 749 2156 sementia,
772 2089 844 2161 qood
860 2105 893 2144 ex
944 2109 1004 2150 cens
1021 2111 1098 2152 suam
1120 2095 1179 2165 ipse
1205 2095 1324 2166 portarit
1348 2095 1453 2169 (Genea.
1470 2101 1522 2170 ιιι).
1538 2099 1615 2166 Quod
1631 2099 1747 2156 Sarouon

107 2204 173 2264 parte
186 2190 308 2258 rideant,
323 2201 395 2246 etex
410 2195 487 2260 parte
505 2183 678 2257 proplietam,
694 2181 804 2239 snutrein
819 2183 894 2238 oriani
944 2198 1067 2242 sarratam
1088 2203 1195 2244 canaam
1221 2189 1363 2257 nutriens,
1388 2188 1482 2246 Dalilae
1501 2193 1633 2262 puerperis
1654 2191 1753 2248 aitaris

106 2283 223 2355 sapientia
238 2292 265 2338 ct
279 2281 440 2354 prudentia,
455 2279 508 2336 diei
535 2277 686 2334 revelatum
701 2277 741 2333 eis
758 2291 820 2332 esse
835 2291 894 2348 my·
944 2280 1103 2351 amplexus,
1118 2291 1146 2338 et
1160 2283 1252 2337 amaria
1268 2284 1358 2340 cordis
1373 2283 1416 2342 sui
1429 2293 1535 2340 secretu
1548 2285 1690 2342 corriessos
1707 2292 1750 2341 est

106 2376 214 2434 sterirrm.
225 2376 284 2432 Nora
299 2391 355 2446 quo
369 2373 460 2446 ipsiin
476 2375 551 2430 onisii
562 2372 697 2444 sapientie
708 2383 734 2427 et
750 2369 892 2443 prodentia

106 2468 251 2542 mysterium
270 2467 441 2536 didicerim,
458 2464 507 2522 sed
531 2465 603 2522 lleus
626 2465 652 2520 io
669 2464 743 2520 oriani
759 2461 892 2533 sapientia

105 2581 146 2621 sus
160 2577 237 2638 atque
251 2564 411 2638 prudentia,
425 2563 501 2636 jurata
518 2563 589 2633 «quod
607 2562 739 2632 consequi
757 2568 891 2631 pota-rant,

104 2661 138 2716 eis
149 2661 305 2733 mysterium
321 2659 495 2717 revelarerit

135 2753 210 2827 556
224 2754 379 2808 Secnsrdum
393 2749 519 2825 placitum
534 2765 609 2805 suum
626 2747 696 2820 quad
717 2743 894 2816 propossitis

105 2865 129 2902 aa
145 2849 168 2902 ia
182 2846 377 2920 dispensatione
395 2841 566 2917 plenitudinis
580 2851 733 2913 temporum.
750 2837 836 2910 Supra
853 2837 893 2891 di·

104 2951 186 3008 xerat,
206 2941 354 2998 sesnrrdsms
372 2939 496 3011 placitum
511 2935 651 2991 saturitatis
663 2949 731 3001 ιιιιι;
750 2949 831 2999 ιιιιιιι·,
853 2947 894 2987 se-

104 3037 202 3093 euredum
228 3037 360 3105 placitum
381 3049 482 3103 suum,
506 3027 674 3089 uoluntatel
694 3028 827 3084 detracta.
853 3023 892 3082 lbi

105 3133 262 3207 spapaapis,
282 3124 313 3185 id
334 3136 391 3192 est,
418 3123 671 3201 praedestinationem
684 3121 711 3176 ira
727 3120 894 3188 adaptionem

945 2369 1046 2441 (indic.
1061 2375 1127 2446 arr),
1143 2373 1293 2430 Salvatoris
1308 2388 1334 2431 et
1350 2376 1478 2433 Ecclesiae
1492 2393 1525 2434 ea
1536 2377 1671 2434 Gassrtibus
1682 2393 1748 2436 cere

946 2468 1075 2538 pauperis
1084 2481 1110 2522 ιι
1123 2482 1215 2538 egena
1225 2469 1386 2541 rrtysterium
1401 2469 1570 2542 signilleabat
1580 2470 1668 2544 (duaa.
1677 2473 1748 2544 aas).

946 2559 974 2614 lu
989 2573 1072 2616 cruce
1096 2561 1186 2632 itaque
1203 2561 1322 2630 bononi,
1339 2571 1367 2618 et
1386 2561 1414 2617 iu
1429 2563 1555 2634 passione
1570 2566 1630 2635 ejus
1644 2563 1750 2634 recapi-

945 2655 1029 2710 tulata
1044 2664 1107 2710 suot
1120 2656 1228 2725 omnia,
1243 2657 1269 2712 id
1287 2666 1345 2724 est,
1362 2658 1490 2716 universa
1511 2659 1539 2714 in
1556 2661 1607 2715 bac
1623 2661 1749 2734 ἀνακεφα-

944 2748 1051 2806 lernau
1072 2759 1227 2820 srrpputata.
1241 2751 1318 2820 Quod
1340 2761 1370 2808 ut
1385 2751 1556 2810 manilestios
1578 2754 1635 2822 bat,
1656 2753 1749 2827 quoti·

945 2841 1033 2898 dianae
1053 2843 1262 2900 eorrsrretudiois
1287 2846 1396 2916 aliquod
1423 2862 1555 2917 gtottttnttts
1580 2847 1746 2918 eserrrplnm.

945 2933 1030 2991 Verbi
1045 2953 1141 2992 carisa:
1159 2937 1259 3008 Viginti
1276 2937 1404 2996 denarios
1415 2942 1535 3012 erogavi,
1550 2957 1659 2998 rursum
1670 2941 1749 3014 quin-

945 3047 1008 3104 que,
1019 3040 1047 3087 et
1057 3032 1125 3088 :alios
1135 3031 1308 3102 quindecim3
1323 3035 1433 3108 triginta
1442 3047 1583 3108 quoquest
1596 3035 1750 3104 terdecies,

946 3141 994 3196 per
1009 3127 1116 3182 ‹litersa
1138 3138 1259 3200 terrrpora
1276 3127 1350 3184 dedi.
1367 3129 1431 3185 llaec
1446 3131 1468 3187 si
1494 3129 1520 3184 in
1538 3147 1619 3186 taniam
1635 3130 1748 3186 volitero

104 3222 203 3292 aaaron
215 3240 261 3298 tm
273 3219 371 3278 letum
385 3217 517 3276 Claudum
532 3217 643 3290 posuit:
657 3214 702 3270 bie
716 3228 782 3268 tutu
801 3211 894 3287 aptus·
944 3229 1107 3292 sopputare,
1123 3222 1275 3277 ceratessarii
1295 3221 1359 3279 anibi
1376 3223 1484 3280 nranieri
1502 3239 1607 3280 sarroma
1635 3239 1747 3280 succre-

105 3337 154 3383 ao,
172 3316 197 3372 id
215 3324 277 3384 est,
294 3313 512 3387 propositionem.
528 3311 600 3366 luter
622 3306 891 3381 predestinatiouem
905 3307 929 3373 c
943 3313 1006 3378 scir,
1025 3323 1052 3366 an
1067 3313 1092 3368 tn
1110 3328 1164 3368 nnn
1184 3330 1299 3371 flumem
1315 3313 1421 3372 habebo
1432 3317 1522 3373 omma
1535 3333 1597 3390 qm„
1621 3328 1684 3374 „pe
1702 3317 1751 3374 de,

105 3419 236 3475 tutemet
251 3406 439 3480 propositum,
452 3404 478 3460 ni
489 3405 535 3478 qni
549 3403 640 3458 solent
654 3403 725 3456 inter
740 3400 824 3454 rerba
838 3399 894 3454 dis·
944 3403 1054 3475 scripsi.
1077 3403 1123 3462 Sic
1141 3407 1230 3476 itaque
1254 3407 1383 3464 anniversa
1397 3410 1528 3482 arrysteria
1543 3421 1571 3467 et
1586 3411 1675 3466 ornois
1691 3411 1748 3466 dis-

104 3510 201 3570 autera,
216 3499 269 3557 boc
283 3509 414 3556 assertant
435 3496 672 3565 interessemus
690 3491 894 3563 pradestinntio
945 3498 1070 3567 pensatio
1094 3501 1239 3558 uetustatis
1264 3516 1318 3558 ason
1345 3502 1435 3558 solator
1450 3520 1512 3576 quae
1533 3504 1561 3560 in
1586 3506 1684 3572 terris,
1701 3505 1749 3562 scal

105 3591 205 3664 alicujus
225 3597 264 3652 rei
285 3592 377 3649 molto
400 3601 464 3648 arrte
485 3591 511 3646 in
528 3600 619 3646 sirenue
634 3589 693 3658 ajars
714 3585 759 3658 qni
774 3584 894 3641 destinet
945 3588 1027 3645 etiam
1051 3606 1112 3661 quae
1138 3592 1164 3646 in
1189 3591 1268 3650 eoetis
1282 3601 1359 3666 gesta
1383 3603 1442 3664 est,
1464 3597 1491 3652 io
1505 3595 1607 3654 Christi
1622 3599 1750 3669 passione

104 3688 158 3757 qnid
173 3688 291 3746 totorum
313 3688 369 3756 sit,
395 3685 575 3758 praefiguret:
596 3680 767 3751 Propositum
790 3688 891 3748 antem,
944 3683 1107 3753 completur.
1131 3685 1198 3742 Cum
1214 3687 1289 3744 eninr
1312 3690 1397 3746 semel
1417 3691 1481 3748 nrilri
1507 3689 1632 3750 cbristus
1652 3709 1749 3766 passus

105 3779 217 3849 taujan
226 3779 319 3837 ricius
334 3778 371 3835 sit
383 3778 562 3846 nroclsinatio,
577 3784 605 3832 ιι
619 3791 688 3846 parate
700 3773 893 3847 cogitationem
945 3775 1037 3844 tuerit,
1050 3785 1078 3832 et
1093 3779 1227 3849 sepultos,
1240 3789 1265 3836 et
1280 3783 1443 3850 resurrexit,
1458 3794 1483 3840 et
1495 3783 1529 3840 ad
1540 3785 1650 3844 Patrem
1663 3788 1751 3842 ria-tor

104 3885 217 3944 nequatur
229 3874 359 3932 ellectus.
372 3871 450 3942 erod
465 3889 531 3928 sero
544 3873 593 3937 ait,
611 3870 786 3944 propossitis
802 3885 842 3934 aa,
859 3866 894 3923 ad
945 3868 1123 3926 ascenderit:
1141 3887 1195 3928 raon
1219 3889 1332 3932 rrecesse
1347 3875 1432 3933 babeo
1448 3889 1569 3934 ueterem
1586 3895 1748 3950 numerum,

104 3969 247 4041 mysterium
270 3967 449 4028 tolerandum
472 3975 535 4023 est:
562 3964 695 4037 siqnidem
716 3978 800 4036 sopra
817 3963 895 4018 dixe-
944 3963 1006 4033 quia
1025 3963 1051 4017 in
1065 3978 1121 4018 uno
1133 3965 1226 4022 orrrrria
1240 3977 1332 4024 teneo.
1351 3967 1499 4041 lliligentor
1511 3973 1658 4038 attendite,
1674 3973 1747 4044 quad

104 4073 156 4119 rat:
167 4077 193 4119 ιιι
207 4073 302 4121 satam
314 4065 411 4138 {acuet
425 4061 499 4117 nolis
514 4062 665 4133 mysterium
677 4056 817 4114 uoluntatis
830 4072 893 4126 aare,
945 4070 1000 4112 non
1025 4056 1112 4112 solum
1135 4074 1230 4115 onrnes
1254 4061 1381 4118 historiae
1403 4065 1621 4134 scripturarum,
1636 4083 1703 4138 quas
1720 4067 1748 4124 in

104 4158 164 4228 quand
181 4161 345 4234 mysterium
360 4155 527 4230 dispensatio
542 4166 582 4211 est
599 4151 774 4225 plenitudinis
790 4161 895 4224 tempo·
946 4158 1018 4206 tarra
1039 4161 1131 4223 gastos
1154 4153 1274 4224 Spiritus
1289 4165 1400 4212 sanictos
1423 4170 1585 4216 enumerat:
1601 4161 1747 4220 sentinam

104 4244 894 4321 mur,utstotutoternporeattoniocomplcantnr.0uouunlo
944 4243 972 4298 io
992 4245 1154 4301 eoelnstibus
1178 4263 1241 4319 quac
1271 4247 1349 4306 nobis
1374 4251 1618 4320 deuteromonio
1646 4253 1750 4314 Christi

103 4344 164 4399 sirim
177 4344 263 4404 lateres
278 4346 410 4418 qararndio
424 4343 554 4416 portarios
570 4355 624 4408 ast,
640 4340 705 4396 licet
721 4342 807 4410 ipsius
823 4340 894 4397 boran
946 4339 1123 4408 recapitulata
1138 4341 1265 4412 passione
1281 4349 1434 4400 teneantur,

103 4436 158 4504 sint,
169 4448 256 4494 tameo
272 4435 393 4494 necdum
408 4437 432 4491 ei
447 4433 717 4491 deleturbereditas
730 4431 831 4504 (Galat.
842 4431 892 4502 rel:
981 4431 1075 4503 (Vers.
1091 4437 1149 4508 ιι.)
1162 4435 1196 4491 tu
1206 4454 1258 4510 qao
1270 4446 1295 4494 et
1309 4449 1379 4496 sorte
1393 4441 1595 4501 uocatisumus:
1609 4447 1749 4518 praeustas.

105 4523 134 4581 ita
149 4534 174 4584 et
193 4530 357 4604 mysterium
372 4525 446 4600 quod
459 4525 682 4597 praedestinatum
703 4525 821 4580 lucrata
837 4523 894 4580 lle-r
944 4527 1000 4582 nati
1013 4529 1156 4584 seeursdstm
1182 4532 1344 4604 propositum
1359 4536 1473 4607 ejusqui
1486 4537 1609 4593 uniuersa
1623 4551 1748 4613 operatur

104 4619 126 4674 iu
139 4621 308 4692 adoptionem
325 4621 444 4678 iliorum
458 4620 529 4692 eius,
542 4630 606 4676 arato
620 4635 674 4675 non
688 4619 775 4690 potuit
785 4619 895 4690 dispeo·
943 4623 1086 4676 secaudum
1099 4623 1235 4679 eonsilium
1251 4624 1392 4682 uoluntatis
1413 4645 1477 4684 saa.
1492 4627 1615 4688 Verbum
1630 4633 1749 4694 harodi.

104 4714 158 4780 sari,
170 4718 218 4772 nisi
232 4733 284 4774 suu
296 4715 405 4772 nano
416 4727 548 4788 tempore.
562 4715 600 4769 lle
611 4729 665 4784 qao
679 4721 708 4770 et
720 4713 785 4769 alibi
801 4729 893 4768 rumn-
905 4705 932 4768 D
945 4713 1008 4769 tatis
1023 4725 1051 4769 et
1063 4715 1159 4784 sortis,
1177 4733 1225 4785 per
1241 4733 1308 4787 aquas
1323 4718 1350 4773 in
1373 4719 1474 4777 curisti
1487 4733 1593 4794 partem
1607 4730 1743 4798 senionis,

104 4821 129 4860 ra
150 4809 274 4882 singulari
300 4809 403 4865 Paulus
426 4809 487 4862 ait:
517 4803 552 4862 ll!
572 4815 659 4860 autern
679 4806 745 4860 uenit
762 4803 894 4876 plenitrula

104 4904 227 4972 temporis,
243 4903 315 4958 irrisit
330 4899 402 4955 Deus
416 4898 440 4953 F
441 4898 516 4954 illum
526 4915 603 4954 ιιιιιιιι
618 4897 713 4971 (ibid,
726 4912 762 4964 tv,
779 4897 808 4969 l)
824 4915 830 4954 :
847 4899 893 4968 qni

104 5005 156 5049 aare
166 4996 257 5053 sanias
270 5013 328 5052 ttuu
342 4994 439 5066 potuit,
457 4992 509 5049 uisi
524 4992 682 5068 rarysterimn
695 4992 828 5063 terrtporis
844 4993 896 5046 iris·

105 5085 220 5154 pmarur.

132 5179 215 5250 (bers.
234 5179 292 5256 lb.)
311 5177 497 5251 Reerrpitulare
517 5181 604 5234 arnaria
618 5181 646 5236 in
661 5177 779 5243 cbristo,
795 5195 851 5250 quac
864 5179 893 5235 iu

105 5271 178 5335 colis,
191 5286 214 5328 et
229 5291 289 5344 quse
306 5273 336 5328 in
353 5285 422 5329 terra
435 5269 496 5346 [bl.
514 5273 589 5328 addit
605 5270 695 5347 ιιιιιι),
712 5272 739 5326 in
757 5274 824 5346 ipso.
840 5271 893 5328 Pro

104 5367 262 5436 recapitulare
272 5370 299 5422 io
314 5365 421 5422 Latinis
432 5365 572 5424 codicibus
586 5369 783 5440 scriptumest,
796 5368 894 5424 instans·

104 5457 212 5530 ranaldi.
226 5455 402 5533 resumeret
415 5459 450 5515 Et
462 5460 548 5518 miror
562 5476 610 5517 cor
624 5464 684 5534 ipso
700 5461 784 5517 verbo
796 5460 894 5520 Grneo

123 5588 145 5662 ,¹
153 5581 300 5647 Perulacuit
311 5583 409 5638 isthaec
418 5591 574 5641 nostrorum
583 5585 663 5644 codd.
671 5595 753 5656 atque
761 5587 896 5658 imprimis

105 5645 316 5710 cisterciensium
335 5654 426 5723 lectio,
436 5670 546 5724 necnon,
561 5675 610 5728 pro
623 5674 677 5730 quo
692 5667 752 5715 erat
762 5659 789 5715 in
801 5660 897 5732 uulga-

105 5723 135 5776 tis
145 5734 219 5780 antes
232 5725 316 5782 libris
326 5727 501 5782 incommodo
515 5744 610 5796 senisu,
625 5748 675 5785 noo
689 5741 769 5786 neret.

136 5791 148 5831 l
160 5794 187 5848 tn
199 5812 253 5854 naso
265 5797 455 5865 cisterciensi,
472 5799 605 5857 animitate
618 5803 759 5859 detracta.

138 5874 148 5904 ι
162 5863 248 5926 lislim
260 5867 379 5928 rescribi
395 5883 458 5926 cum
479 5886 514 5928 ex
529 5873 660 5931 orationis
673 5875 825 5947 proposito,
838 5884 896 5935 tutu

108 5936 338 6003 sauromatis
356 5939 526 6018 aquitano,
541 5945 791 6020 recapitolationeos.
807 5945 896 6006 Cute·

945 4807 1067 4863 ostendit
1085 4823 1135 4865 nos
1155 4808 1191 4866 de
1210 4809 1262 4864 alia
1287 4820 1427 4884 potestate
1448 4813 1483 4871 ad
1511 4817 1592 4874 aliam
1619 4826 1750 4878 transani-

946 4915 1041 4973 grasse
1056 4921 1063 4957 ι
1080 4911 1108 4958 ιι
1123 4902 1274 4960 sacrandum
1300 4904 1366 4984 illud
1388 4908 1504 4981 quadiu
1526 4911 1745 4973 Deuteronomio

945 4997 1078 5065 scriptum
1104 5005 1146 5054 est
1165 5017 1171 5054 :
1189 4997 1302 5066 Quaado
1325 5003 1455 5061 dividebat
1478 5005 1628 5067 ditissimus
1648 5023 1747 5084 pentes,

946 5105 1005 5144 saras
1019 5089 1200 5146 disseminaret
1211 5092 1283 5164 filias
1296 5094 1380 5152 anan
1394 5097 1484 5168 (Dent.
1500 5116 1578 5170 xattr,
1590 5103 1632 5176 a),
1643 5106 1679 5161 dc
1699 5120 1750 5161 au·

944 5184 1070 5255 gelormn
1085 5183 1189 5242 ditione
1200 5187 1233 5242 ml
1250 5199 1356 5259 partem
1373 5190 1480 5249 bomini
1496 5209 1558 5252 esse
1588 5199 1748 5258 traaastotcs.

947 5277 981 5333 Et
992 5277 1029 5333 illi
1043 5277 1156 5351 quidem
1168 5281 1270 5353 aliena,
1287 5293 1315 5340 et
1329 5285 1381 5342 sibi
1399 5286 1440 5344 rel
1454 5290 1599 5348 consotissa
1612 5295 1655 5350 vel
1669 5311 1750 5354 usrrr-

947 5383 1010 5443 pata
1022 5383 1182 5433 tenuerunt.
1195 5374 1250 5433 lste
1267 5393 1333 5436 vero
1344 5383 1450 5454 recepit
1464 5397 1513 5439 saa
1528 5401 1536 5441 ι
1554 5397 1582 5442 ιι
1594 5390 1750 5450 ascendens
1836 5449 1843 5469 ,

948 5468 975 5524 in
992 5471 1078 5526 altum
1092 5473 1229 5545 captivam
1245 5474 1522 5548 doaireapnaitarem
1533 5481 1595 5556 (rs.
1608 5487 1706 5564 tarra),
1723 5491 1749 5548 id

948 5610 1008 5650 rum
1024 5606 1052 5654 et
1065 5598 1180 5655 Latinius
1193 5601 1341 5657 nonnullos
1354 5603 1449 5659 Patres
1461 5603 1561 5674 legisse
1583 5619 1689 5667 consuo
1705 5614 1749 5674 trie

947 5666 1017 5734 loci,
1032 5672 1221 5743 recapitulare,
1245 5672 1316 5741 qrrod
1343 5673 1444 5732 Hieron
1468 5693 1511 5733 raro
1531 5679 1618 5750 ansgis
1634 5685 1734 5742 arridet

945 5737 1024 5810 justa
1048 5741 1174 5798 Graeciam
1200 5752 1328 5799 textatur:
1354 5745 1417 5801 dico
1438 5693 1635 5810 lermoennum
1652 5755 1699 5812 lib.
1721 5732 1750 5828 v:

947 5819 1043 5944 ppntpa
1051 5812 1231 5964 ίιὲιὶιὶὶιιιιοιιιιιι,
1243 5830 1305 5888 cap.
1318 5816 1367 5888 ιιι
1378 5827 1408 5875 et
1418 5818 1449 5878 S.
1461 5820 1559 5882 irenei
1571 5823 1749 5904 interpretem

959 5905 966 5939 ι
989 5923 997 5941 .
1029 5925 1037 5954 ,
1107 5928 1114 5948 .
1147 5926 1155 5944 .
