4000 6334
258 327 311 387 dlii
885 321 916 384 8.
937 320 1076 386 bussuli
1096 319 1290 384 diruuntur
1857 325 1899 389 lit

255 445 306 503 ris·
321 443 430 500 Etenim
444 441 511 500 illud
523 442 595 515 quod
606 441 707 499 dicitnr
718 440 745 498 iu
759 441 827 499 isaia
844 458 851 498 a
867 440 1058 515 confortamini
1072 447 1097 510 Α
1110 452 1261 517 coaptetur.
1278 439 1462 512 Quaerendum
1473 457 1538 516 ergo
1551 444 1688 516 quomodo
1701 460 1735 504 ex
1758 444 1816 502 ileo
1832 445 1900 502 Patre

255 553 348 594 manos
363 536 488 604 dimissa,
504 545 528 590 et
539 552 623 606 genua
640 533 768 593 dissoluta
779 532 856 607 (irai.
873 550 959 604 ιιιν,
971 536 1011 609 ι).
1027 536 1062 592 Et
1112 536 1201 593 omnis
1216 536 1364 608 paternitas
1375 538 1402 594 in
1412 537 1489 594 coelis
1499 546 1526 594 et
1540 538 1567 594 in
1584 547 1655 595 terra
1667 540 1704 596 sit
1716 537 1862 596 uiuminats.
1874 539 1901 594 lit

257 631 286 689 in
298 633 354 688 alio
367 631 429 688 loco
444 631 504 703 ipse
523 629 693 700 Apostolus:
711 627 745 686 tta
763 629 793 684 in
812 630 929 697 montiae,
955 628 1059 702 iuquit,
1113 630 1349 704 simulantequnm
1360 631 1461 704 aliquid
1473 641 1647 700 retractetur,
1664 635 1825 704 notandum,
1840 634 1901 704 qaod

255 721 331 793 desc,
347 739 423 778 omne
445 738 514 794 penu
529 721 661 792 plectatur,
682 721 834 793 coelestium,
852 723 1022 788 terrestrium,
1037 731 1062 778 et
1113 741 1168 780 non
1184 723 1294 794 dixerit,
1310 740 1342 781 ee
1357 741 1408 798 qao
1431 725 1514 780 omnis
1535 726 1679 796 paternitas
1698 726 1728 781 in
1743 724 1813 782 oteiir
1834 736 1858 782 et
1880 727 1902 782 in

256 817 420 890 inperitorum
439 813 558 885 (Ptittp.
574 830 606 884 ιι,
621 813 678 886 10),
695 831 748 872 non
762 815 797 873 ad
815 832 904 887 genua
924 816 1059 888 corpalais,
1113 813 1184 875 terra
1198 827 1260 875 nuta
1277 827 1325 888 ιιι,
1339 819 1383 876 rel
1397 827 1505 888 ereatu‚·
1518 818 1578 888 sed,
1591 835 1625 876 ea
1636 821 1781 893 quaomnia
1796 821 1902 892 pateni-

258 907 308 965 sed
320 907 354 963 ad
366 905 564 977 subjectionem
577 907 679 964 mentis
693 918 719 964 ιι
731 907 937 966 inclinationem
950 909 1059 978 animae,
1114 920 1153 967 tos
1164 913 1191 966 in
1205 912 1275 968 caelis
1290 919 1313 968 et
1328 915 1356 968 in
1373 923 1444 968 terro
1454 912 1613 969 nominatur.
1627 912 1709 971 iliud
1724 921 1767 972 est
1779 912 1852 970 cuins
1865 928 1903 984 apt

257 1002 405 1074 cordisque
417 1001 580 1076 obsequium
594 1003 726 1074 pertinet,
742 1011 825 1060 terrae
837 1018 868 1060 se
882 1003 1061 1075 coaequantis,
1113 1004 1289 1079 pellationem
1304 1007 1475 1078 paternitatis
1485 1007 1596 1073 mereri,
1612 1007 1683 1063 aliud
1697 1016 1802 1064 naturae
1812 1005 1904 1063 habere

257 1107 288 1154 ut
300 1097 442 1153 Psalmistn
455 1111 567 1169 quoque
577 1097 660 1155 cauit.
672 1095 1061 1169 dicensrddlroeritpuaimeutu
1112 1099 1292 1164 consortium,
1309 1099 1499 1169 paternitatem
1514 1115 1575 1170 qum
1597 1099 1625 1156 in
1644 1099 1742 1158 Graeco
1761 1102 1870 1179 πατριὰ,
1883 1099 1905 1155 iu

256 1191 347 1245 animo
360 1187 490 1265 meo(Ps.
514 1205 613 1258 cxttu,
626 1189 685 1263 25).
707 1190 762 1246 iles
784 1191 857 1247 euim
871 1188 1022 1261 spiritualis
1034 1196 1063 1246 et
1112 1191 1196 1264 0⁰⁰
1215 1191 1332 1248 Hebraeo
1359 1207 1499 1250 rttssettnstt
1512 1193 1666 1268 (mmmm),
1690 1193 1792 1261 idest,
1818 1210 1905 1268 aogm-

257 1272 533 1355 incorporeaanima,
548 1285 590 1340 rei
603 1284 909 1357 corporaiipsuimeuto
924 1281 1062 1355 quomodo
1114 1285 1168 1351 tio,
1188 1284 1230 1340 vel
1257 1284 1360 1357 familia
1382 1285 1496 1352 dicitur,
1517 1285 1633 1357 legimus
1656 1295 1685 1345 et
1711 1288 1738 1343 iu
1764 1287 1904 1344 liumeris:

256 1376 346 1449 potuit
364 1376 527 1434 adhaereret
548 1376 615 1432 Esto
633 1377 734 1449 quippe
755 1376 907 1433 innomine
927 1377 994 1432 iesu
1013 1373 1062 1431 ile·
1113 1375 1218 1445 Tollite,
1230 1377 1329 1449 iuquit,
1344 1395 1473 1434 sensatam
1486 1378 1720 1454 onttriugnagogta
1731 1379 1829 1450 israel,
1838 1379 1907 1454 justa

256 1479 332 1526 etant
344 1470 566 1542 genuterrestria
575 1468 720 1539 :numquid
729 1479 758 1525 et
768 1469 881 1541 angelus
891 1477 1062 1540 caeterasque
1113 1471 1280 1544 cognationes
1289 1480 1313 1527 et
1326 1471 1446 1542 populos,
1460 1469 1601 1528 metandum
1613 1471 1704 1527 domos
1719 1472 1906 1545 paternitatum,

256 1566 384 1634 uirtutes,
398 1581 459 1638 qum
475 1567 503 1621 itt
521 1565 682 1622 caelestibus
703 1574 897 1652 perseverant,
917 1577 1062 1636 possumus
1112 1564 1339 1636 instauramentum
1353 1564 1590 1620 nominumeorum
1605 1562 1701 1634 (Num.
1717 1579 1738 1635 r,
1753 1561 1794 1637 2).
1813 1565 1908 1635 Etpost

256 1660 396 1720 aldrmare
408 1661 530 1732 speciem
545 1660 647 1718 lrabere
661 1643 835 1732 corpoream,
854 1669 884 1716 ιι
903 1661 931 1716 iu
949 1658 1061 1716 nornine
1113 1657 1252 1730 paulutum
1268 1656 1359 1730 (Vera.
1372 1656 1422 1730 tc)
1438 1657 1494 1712 :iii
1505 1665 1565 1713 sant
1577 1657 1653 1714 abaci
1669 1673 1810 1733 synagogae
1822 1659 1909 1732 prinici-

257 1755 442 1829 ejusdcctaut
456 1755 550 1829 genui
566 1753 609 1812 vel
622 1754 695 1826 apud
709 1753 811 1813 inieros
825 1756 931 1812 animas
942 1754 1060 1812 vinculis
1113 1767 1158 1824 pes
1175 1751 1299 1821 tribuum,
1310 1753 1390 1826 juata
1415 1750 1584 1821 paternitates
1596 1766 1658 1806 suos
1673 1750 1751 1808 decer
1768 1749 1865 1808 trram
1880 1751 1909 1807 m

257 1847 380 1920 corporis
391 1849 532 1915 liberatas,
543 1863 614 1919 genu
624 1847 697 1920 quod
708 1864 762 1905 uon
775 1847 888 1917 habent,
900 1847 1062 1906 essedestt·
1076 1849 1101 1913 Β
1113 1860 1222 1901 rursum
1241 1843 1277 1903 de
1297 1845 1370 1903 tribu
1385 1845 1450 1902 Leti
1466 1861 1472 1900 ι
1487 1843 1523 1900 Et
1543 1845 1646 1922 loeutus
1670 1854 1708 1902 est
1726 1843 1857 1901 Dominus
1878 1845 1908 1900 ad

259 1940 325 1998 rasi
339 1939 483 2010 Quomodo
498 1940 580 2014 599
592 1940 676 2012 igitur
688 1940 854 2014 quicumque
870 1940 1007 2014 subjectus
1018 1951 1061 1996 est
1115 1937 1223 2013 Mogses
1237 1941 1265 1996 in
1277 1939 1378 1998 derata
1398 1939 1474 2007 Sina,
1492 1939 1580 1996 disens
1594 1955 1603 1996 .·
1617 1939 1736 1996 Nemera
1752 1940 1825 2011 filios
1845 1939 1907 2006 Leti,

258 2033 416 2105 sitierant,
438 2034 548 2092 flectcre
565 2034 590 2091 ei
609 2049 681 2106 genu
694 2033 795 2091 dieitur
811 2051 818 2088 s
834 2034 875 2090 sic
889 2034 936 2106 qui
957 2033 1061 2105 peccati
1114 2036 1255 2092 secundom
1268 2037 1358 2092 domos
1378 2035 1566 2109 paternitatum
1578 2050 1695 2102 satarum,
1713 2035 1854 2092 reundum
1869 2052 1910 2108 po·

258 2143 355 2186 servus
369 2136 424 2199 cst,
441 2139 470 2186 et
484 2126 567 2185 habet
577 2128 706 2200 spiritum
720 2128 862 2185 seruitutis
872 2130 971 2184 iterum
987 2128 1015 2184 in
1027 2129 1061 2184 ti·
1115 2126 1192 2199 palos
1205 2143 1310 2196 eorum,
1325 2127 1467 2183 secandum
1480 2127 1644 2201 cognationes
1654 2143 1762 2184 eorem:
1773 2144 1852 2184 omne
1861 2145 1911 2184 mu-

259 2236 346 2289 more,
370 2236 444 2294 genti
467 2222 597 2280 scribitur
615 2222 724 2279 flexisse
750 2230 871 2294 peccato.
895 2220 1061 2295 Derelinquit
1114 2221 1246 2277 reclinant
1258 2237 1275 2276 tt
1286 2237 1373 2277 mense
1383 2236 1436 2276 suo
1451 2229 1476 2276 ιι
1486 2237 1579 2294 snpra,
1590 2220 1753 2278 eottsiderute
1765 2238 1809 2278 eos
1822 2220 1908 2294 (Nem.

257 2313 333 2383 miii,
344 2314 384 2370 ait
397 2314 540 2386 Dominus,
550 2322 645 2388 septem
654 2314 874 2379 milliaairoram,
888 2316 934 2388 qui
942 2331 1060 2370 auncur-
1114 2329 1154 2382 ιιι,
1170 2312 1226 2387 15).
1242 2314 1308 2372 Haec
1319 2314 1354 2371 de
1367 2314 1469 2386 populo
1485 2313 1584 2381 lsrael,
1605 2323 1632 2372 et
1645 2315 1680 2372 dc
1704 2314 1869 2373 sacerdotali
1883 2331 1910 2373 ιι

257 2419 383 2467 moerent
396 2418 557 2480 gensaante
581 2407 650 2464 Boot
673 2406 798 2482 (illileg.
823 2424 880 2477 ιιι,
904 2407 962 2480 18),
988 2407 1061 2465 idolo
1113 2405 1234 2464 Leviticae
1249 2407 1333 2463 tribu.
1359 2406 1494 2464 Caeterum
1510 2421 1616 2464 meeum
1642 2408 1701 2479 ipse
1725 2418 1909 2479 pertractans,

259 2504 365 2562 scilicet
377 2511 459 2577 atque
473 2512 595 2576 peccato.
610 2502 663 2573 Qui
679 2501 830 2560 fornicator
850 2509 903 2570 ιιι,
917 2511 944 2558 ιι
960 2517 1008 2572 per
1020 2503 1061 2558 lu·
1114 2499 1159 2556 ubi
1170 2500 1205 2556 de
1224 2499 1350 2572 gentibus
1371 2509 1385 2540 a
1406 2501 1603 2572 paternitatum
1616 2500 1779 2558 vocabulum
1792 2501 1910 2575 legertrn,

261 2597 372 2671 pausem
395 2604 540 2669 scortaque
570 2595 712 2666 discurrit,
740 2594 845 2653 libidini
861 2594 961 2652 ›llectit
989 2609 1061 2667 genu
1114 2609 1187 2652 rrunc
1201 2594 1310 2650 interim
1322 2593 1395 2651 aliud
1413 2609 1468 2652 non
1484 2592 1609 2660 invenio,
1631 2595 1684 2653 nisi
1699 2595 1824 2654 vicesimi
1835 2596 1910 2668 primi

259 2707 351 2749 suuro.
373 2691 427 2762 Qui
452 2690 587 2760 furiosus,
611 2689 682 2748 dexo
701 2690 798 2746 adorat
819 2689 888 2746 iram
911 2705 992 2762 genu.
1008 2688 1060 2757 Qui
1113 2687 1212 2758 psalmi
1236 2685 1443 2759 testimonium,
1460 2685 1488 2742 iu
1502 2701 1557 2759 quo
1570 2687 1704 2758 scriptum
1719 2698 1762 2746 est
1777 2705 1785 2744 ι
1803 2687 1839 2745 Et
1852 2689 1912 2744 ado·

259 2800 443 2842 mammonam
457 2785 582 2858 suspicit,
597 2791 626 2842 ιι
639 2785 711 2842 licus
723 2783 783 2855 ejus
797 2791 841 2840 est
852 2794 959 2849 neuter,
974 2781 1061 2839 dectit
1113 2780 1207 2835 seium
1222 2779 1472 2854 incrementaque
1487 2796 1574 2837 omnes
1584 2781 1677 2854 patrie
1689 2783 1806 2856 gentium
1825 2781 1909 2855 (Psoi.

163 2944 168 2952 ,
257 2893 344 2952 genua
356 2877 477 2935 avaritie
487 2886 569 2946 atque
578 2877 705 2934 luxurie.
715 2877 749 2934 Et
759 2876 825 2950 qnid
836 2889 879 2933 me
891 2890 1005 2934 necesse
1018 2883 1062 2934 est
1115 2890 1176 2945 ιιι,
1193 2871 1912 2953 50);et¹²ricesimioctaris'rllierteiioasinopatrite

259 2973 365 3046 singula
391 2971 557 3044 peragrare?
576 2971 669 3030 Toties
691 2971 801 3029 diabolo
818 2970 953 3028 flectimus
975 2986 1058 3042 gerru,
1113 2969 1541 3043 gentiumsafferteiiomiuotiiios
1554 2970 1908 3046 urietsmlPsoi.xxvttt,l).

259 3068 484 3142 quotiescumque
503 3081 659 3138 peccamus.
684 3065 747 3123 ilaec
772 3072 864 3122 autem
882 3065 1060 3136 spiritualiter
1113 3063 1257 3133 Quomodo
1275 3079 1341 3138 ergo
1369 3065 1442 3122 beas
1460 3065 1587 3123 essentiae
1614 3079 1673 3122 sues
1703 3081 1802 3124 nomeu
1832 3076 1912 3139 atque

258 3169 438 3231 exponentes,
451 3174 506 3217 non
520 3160 612 3216 statim
622 3159 700 3232 juxta
712 3158 829 3216 litteram
840 3156 1058 3216 orandicomsue'-
1073 3188 1095 3252 C
1112 3157 1282 3226 substantie,
1294 3158 1376 3214 etiam
1392 3157 1502 3216 caeteris
1513 3158 1635 3231 impertit
1647 3159 1803 3228 elementis,
1816 3168 1847 3217 ut
1858 3163 1911 3232 ipsa

259 3250 381 3310 tudinem
395 3251 529 3322 tollimus,
545 3267 598 3324 qua
613 3253 698 3310 ileum
715 3266 787 3324 genu
800 3254 889 3324 posito
901 3252 1060 3325 suppliciter
1111 3267 1219 3326 quoque
1234 3267 1295 3310 esse
1309 3252 1448 3322 dieantur,
1464 3267 1528 3332 uon·
1539 3269 1595 3325 quo
1617 3255 1769 3312 secuudum
1787 3262 1911 3312 naturam

258 3345 419 3416 adoramus,
440 3354 468 3402 et
483 3343 538 3401 dxo
551 3342 578 3400 iu
597 3352 700 3403 terram
714 3345 826 3417 poplite,
840 3345 926 3417 magis
939 3345 1011 3418 quod
1025 3345 1060 3403 ab
1112 3348 1168 3404 sint
1180 3345 1243 3421 (luit
1256 3347 1328 3404 enim
1344 3359 1450 3420 tempus
1463 3347 1575 3418 quando
1584 3350 1711 3407 universa
1726 3349 1910 3416 muniuerunt,

258 3455 293 3499 eo
306 3441 454 3512 poscimus,
469 3441 659 3512 impetramus.
677 3439 806 3513 Legimus
818 3440 892 3497 euim
906 3452 934 3497 ιι
944 3441 1059 3498 Paulum
1085 3493 1088 3500 .
1112 3447 1140 3496 ιι
1157 3454 1283 3507 rursum,
1298 3439 1323 3496 si
1342 3440 1470 3511 voluerit,
1487 3441 1515 3497 iu
1539 3442 1652 3498 ailrilum
1666 3444 1854 3516 revertentur)
1866 3441 1912 3500 sed

258 3532 288 3590 in
309 3531 400 3590 littore
421 3533 462 3590 sic
476 3547 587 3601 orasse,
609 3542 637 3589 et
660 3531 877 3606 geniculationes
893 3533 920 3589 in
935 3535 1060 3592 oratione
1111 3541 1141 3589 ut
1154 3547 1215 3590 esse
1228 3532 1365 3604 dicantur,
1382 3533 1485 3591 liabent
1499 3532 1546 3590 bei
1568 3534 1690 3593 bonitate
1704 3534 1836 3594 donatum
1852 3555 1860 3592 :
1874 3539 1912 3594 sie

259 3634 413 3695 praeceptas
427 3621 497 3698 (Act.
513 3622 611 3696 ιιιιι).
625 3623 679 3682 Sed
694 3625 765 3680 sicut
785 3623 851 3680 illud
865 3624 984 3681 aedilicat
994 3627 1060 3683 siru-
1112 3637 1140 3686 et
1153 3625 1327 3700 paternitatis
1342 3641 1440 3684 nomen
1455 3642 1489 3684 ιι
1504 3627 1655 3702 semetipso
1666 3629 1779 3701 largitus
1793 3642 1837 3688 est
1855 3644 1913 3686 onr-

258 3717 365 3789 plices:
385 3717 425 3774 sic
442 3732 535 3774 reram
549 3717 776 3791 geniculationem
800 3733 863 3777 esse
876 3719 1008 3778 docemus
1030 3721 1057 3777 in
1113 3718 1202 3779 nibus.
1214 3718 1293 3789 Quod
1307 3729 1338 3776 ut
1356 3717 1528 3777 manifestius
1543 3721 1601 3789 liat,
1620 3719 1825 3794 seripturarum
1842 3725 1913 3780 testi·

258 3810 367 3879 seimo;
378 3807 441 3882 quis
454 3808 534 3867 multi
543 3811 689 3883 corporale
699 3809 840 3870 flectentes
850 3827 933 3885 genu,
946 3813 1056 3882 animae,
1112 3814 1233 3870 monium
1246 3813 1382 3885 proferam
1398 3811 1455 3888 [tt.
1469 3812 1630 3889 proierantl.
1641 3813 1807 3889 Loquiturin
1817 3815 1913 3874 Exodo

258 3918 430 3978 nequaquam
450 3902 582 3976 poplitem
606 3905 853 3963 concremandi
876 3915 985 3976 contro,
1011 3907 1058 3962 alii
1112 3904 1243 3962 Dominus
1260 3923 1267 3960 :
1284 3902 1341 3988 ligo
1365 3919 1425 3960 ram
1448 3905 1494 3975 qui
1518 3922 1575 3962 sum
1590 3903 1690 3981 (and.
1715 3923 1755 3974 ut,
1783 3906 1847 3981 11);
1863 3917 1910 3964 et:

256 4010 351 4059 erecto
364 3999 451 4058 Deum
465 4013 581 4072 corpore
597 3997 798 4071 deprecantes,
819 4000 905 4071 nangis
922 4014 953 4056 se
965 4001 1058 4056 animo
1111 3997 1177 4056 Htec
1194 3997 1264 4055 diser
1283 3997 1345 4072 liliis
1367 3996 1453 4054 tranet
1473 4015 1484 4055 .·
1502 3999 1554 4068 Qui
1575 4009 1623 4068 est,
1648 4001 1720 4058 misit
1740 4017 1779 4057 me
1801 4001 1838 4056 ad
1858 4018 1911 4056 uos.

257 4101 446 4153 curtateruut.
458 4092 545 4151 Porro
559 4090 631 4165 quod
645 4093 777 4165 sequitur,
791 4093 827 4147 ad
838 4091 946 4148 Patrem
963 4108 996 4148 ea
1007 4109 1058 4165 quo
1111 4089 1246 4164 Numquid
1255 4089 1331 4148 solus
1344 4090 1495 4162 beuserst,
1512 4100 1540 4149 ιι
1554 4099 1652 4150 ιιιιιι
1670 4109 1726 4151 ιιι
1740 4094 1839 4152 ιιιιιι1
1852 4093 1912 4150 liti·

259 4188 342 4244 amtor
351 4185 492 4260 mensur
504 4186 534 4243 in
551 4187 639 4256 aclis,
656 4194 681 4243 et
699 4187 728 4242 in
742 4196 810 4243 terra
824 4187 987 4253 nontiuatar,
1003 4202 1057 4243 riou
1110 4201 1163 4258 que
1177 4185 1278 4258 augeli,
1293 4185 1404 4252 coelum,
1417 4193 1502 4254 terra,
1517 4186 1561 4244 rel
1576 4187 1672 4256 marin,
1684 4202 1713 4246 ιι
1723 4189 1781 4261 ipse
1793 4189 1913 4263 ttogses,

259 4286 289 4336 ιι
304 4279 331 4334 in
343 4277 448 4336 Latinis
458 4278 601 4338 codicibus
613 4278 735 4337 additum
749 4287 804 4351 est,
823 4279 860 4336 ad
878 4279 983 4337 Patrem
1004 4278 1059 4335 iio-
1110 4281 1153 4336 cui
1169 4277 1300 4336 Dominus
1315 4278 1493 4350 loquebatur,
1513 4289 1541 4336 et
1554 4279 1649 4352 lsrael,
1666 4289 1695 4338 ιι
1718 4281 1858 4356 AEgyptii,
1880 4280 1914 4336 ad

258 4372 324 4429 sotini
334 4374 416 4429 nostri
426 4369 492 4430 iesu
503 4372 610 4443 cariati,
631 4374 680 4432 sed
694 4374 867 4446 simpliciter,
882 4374 917 4431 ad
937 4372 1056 4444 Patrem,
1109 4385 1192 4443 quos,
1217 4379 1352 4428 utcontra
1366 4385 1436 4444 quos
1449 4372 1576 4445 princeps
1596 4381 1625 4431 ιι
1637 4373 1813 4432 aduersarius
1827 4377 1915 4432 mitte·

259 4467 453 4539 agendumst
466 4453 513 4526 bei
526 4467 616 4526 Petris
630 4485 747 4538 nornen,
763 4486 818 4529 nou
832 4472 949 4528 Domino
962 4480 1058 4528 nostro
1109 4463 1201 4532 batur.
1217 4473 1246 4522 ei
1259 4475 1348 4522 elini·
1363 4465 1397 4523 El
1414 4466 1553 4539 quomodo
1568 4483 1668 4525 nomen
1689 4485 1837 4526 commune
1850 4470 1915 4527 sub·

258 4559 325 4618 iesu
349 4560 474 4634 Christo,
491 4561 541 4620 scd
560 4564 687 4622 omnibus
700 4564 836 4623 creaturis
849 4563 1056 4623 rationabilibus
1070 4557 1097 4620 D
1109 4564 1227 4630 stantiae,
1249 4561 1304 4619 sibi
1318 4562 1463 4634 proprium
1478 4561 1600 4620 vindicat
1613 4563 1704 4622 beust
1718 4564 1774 4636 illa,
1796 4577 1830 4622 ιι
1840 4564 1912 4622 dixi·

296 4697 311 4729 ⁸
325 4698 481 4770 scripserat
494 4713 561 4758 vero
572 4715 702 4773 perquam
715 4701 822 4759 erudite
832 4700 948 4772 ipsemet
962 4701 1059 4760 iliceo-
1108 4697 1324 4770 vicesimioataai,
1333 4699 1513 4768 etc.,licetcx
1524 4699 1802 4761 laoccoutextulslsus
1811 4703 1913 4775 depre-

258 4785 358 4845 ttymus
368 4769 417 4828 lib.
429 4770 560 4829 adsersus
571 4771 725 4829 ttetaidtaua
741 4788 816 4830 uum.
829 4774 863 4830 11
878 4791 885 4830 z
901 4774 1060 4846 (loquutione
1112 4770 1445 4846 landaturitterangnrus‚
1458 4773 1644 4843 quipsslmum
1659 4790 1914 4834 xxrttrcumnona·

259 4845 353 4917 frames
367 4851 503 4910 vocamur,
521 4844 567 4917 qai
589 4854 649 4901 sant
661 4844 695 4901 de
706 4862 760 4901 eno
773 4845 885 4919 familia,
902 4846 930 4901 iti
942 4858 991 4918 est,
1013 4863 1061 4917 pa·
1110 4843 1592 4971 {enisaequiaropromiseueaceepit
1603 4847 1914 4905 etreoitavitdlunm-

258 4916 323 4986 tria,
343 4929 408 4986 qaas
426 4912 515 4971 batim
528 4919 704 4986 paternitates
719 4918 940 4986 interpretantur,
955 4933 1013 4974 eant
1028 4936 1061 4975 ee
1134 4914 1307 4973 istercienses
1315 4929 1380 4972 mss.
1392 4915 1510 4989 vigesimi
1520 4918 1623 4985 septimi
1634 4916 1750 4986 babeam
1760 4920 1808 4975 sed
1821 4935 1913 4992 neque

258 5003 312 5044 etto
332 4986 421 5041 radice
439 4986 522 5042 malta
535 4987 636 5071 generis
656 4989 732 5043 turia
743 4987 910 5059 diffunditur.
923 4989 965 5047 dd
979 5005 1059 5062 quem
1112 4985 1165 5044 hoc
1178 4986 1266 5045 bene:
1281 5003 1368 5060 nequo
1389 4990 1463 5045 euim
1488 4997 1535 5043 aut
1558 4987 1585 5044 iu
1613 4990 1747 5062 vigesimo
1769 4991 1912 5061 septimo,

258 5059 349 5116 locum
365 5072 416 5113 uos
428 5055 627 5115 'tertullianum
639 5058 822 5127 laudavimus,
832 5061 879 5132 qui
891 5075 950 5116 earn
964 5077 1060 5119 rocem
1112 5065 1180 5126 aut,
1200 5059 1272 5130 quod
1294 5060 1428 5130 impressa
1459 5059 1540 5116 lectio
1569 5063 1696 5131 praelert,
1727 5073 1825 5120 octrso
1859 5064 1914 5118 ulla

257 5131 345 5206 patria
353 5129 473 5186 servarit
484 5128 614 5188 Poemats
624 5140 723 5204 quarto
733 5129 864 5188 aduersus
874 5132 1057 5192 ilarcionenr:
1110 5129 1144 5186 de
1160 5132 1246 5202 patria
1262 5138 1306 5187 est
1327 5133 1440 5188 mentio.
1457 5129 1493 5187 m
1511 5131 1656 5189 suaniiesto
1679 5133 1765 5206 liquet
1785 5135 1914 5192 versieu-

1106 5201 1163 5257 luur
1180 5201 1261 5258 isium
1277 5220 1283 5258 :
1298 5201 1397 5272 Afferte
1410 5201 1522 5259 Domino
1534 5205 1625 5274 patriae
1636 5206 1846 5279 gentiametc„
1863 5223 1914 5262 no-

320 5270 358 5323 tu
369 5285 444 5338 quern
454 5281 595 5348 seeurrare
604 5281 672 5333 genu
684 5267 757 5331 plane
766 5282 839 5322 omne
851 5267 951 5334 latetur,
1109 5275 1242 5345 aagcsimi
1255 5275 1341 5346 quinti
1360 5274 1459 5331 Psalmi
1473 5287 1547 5342 esse,
1565 5277 1808 5347 quemadmodum,
1824 5293 1859 5334 re
1874 5279 1916 5347 ip-

320 5333 359 5386 Εἰ
370 5335 604 5400 ιιθῡωΰιιΡιίΜ
615 5331 841 5397 ῑῠθωῑθῑθπιιιθ
852 5341 961 5386 mltis·
1107 5361 1136 5400 sa
1152 5355 1282 5416 cogente,
1307 5345 1436 5404 Erasmus
1454 5347 1607 5405 rescribere
1628 5362 1683 5405 noa
1699 5348 1847 5406 dubitavit.
1865 5349 1914 5406 tt·

947 5482 954 5495 ·
1031 5481 1037 5496 ,
1107 5427 1212 5473 ctortus
1224 5419 1377 5484 scortisario
1392 5418 1486 5475 maluit
1498 5433 1529 5475 ιι
1543 5419 1636 5487 rerba,
1649 5431 1674 5475 et
1689 5421 1717 5476 in
1729 5421 1859 5494 vigesimo
1871 5438 1915 5475 oe-

292 5481 309 5524 ¹³
324 5481 402 5541 iiuuc
416 5483 505 5542 locum
520 5482 629 5541 diverso
651 5482 732 5539 modo
743 5481 922 5553 depravatum
946 5498 1056 5541 rnreuro
1107 5497 1176 5558 tono,
1191 5505 1245 5546 arna
1260 5506 1321 5548 cunr
1335 5489 1380 5545 illo
1389 5489 1489 5545 Psalmi
1503 5505 1584 5547 versu
1594 5506 1766 5565 expungere,
1779 5507 1843 5564 quae
1859 5492 1914 5548 sibi

257 5555 329 5640 apud
343 5555 486 5613 Erasmum
500 5566 528 5612 et
540 5555 701 5613 llarianum.
721 5554 852 5611 Erasmus
864 5555 899 5612 de
911 5571 960 5611 suu
976 5554 1054 5637 eddi·
1107 5560 1165 5617 risa
1179 5561 1290 5618 suntab
1309 5562 1436 5632 imperito
1462 5560 1552 5634 aliquo
1578 5562 1712 5620 iurmixts.
1728 5562 1814 5620 liniis
1830 5565 1916 5620 Eras-

258 5627 309 5684 drt.
324 5625 360 5682 iit
370 5628 398 5683 iu
409 5645 444 5684 uo
496 5628 577 5683 eximo
588 5628 697 5700 quinto,·
709 5629 891 5711 mutavitque,
910 5637 933 5683 et
947 5627 976 5710 iu
988 5642 1053 5711 urae
1107 5633 1197 5689 minua
1220 5631 1357 5689 restitutio
1371 5648 1424 5688 trun
1434 5631 1579 5760 dicandam:
1596 5635 1717 5706 illudque
1731 5633 1914 5693 manifestum

258 5702 325 5754 sitnm
347 5709 458 5756 oetaeo:
496 5699 1056 5756 ·rianusveruadditroueruErasurrrett-
1107 5704 1387 5776 putamusmendum,
1404 5721 1456 5760 tren
1494 5707 1870 5777 letouytui,sedseribarum
1887 5707 1914 5765 in

260 5770 330 5834 nuit,
344 5771 481 5831 delesset
493 5771 521 5825 in
535 5771 655 5827 oieesimo
668 5781 770 5826 ortano.
783 5770 838 5826 lios
849 5770 884 5825 ad
900 5769 980 5825 iidem
996 5785 1057 5826 our·
1108 5775 1258 5831 numericis
1281 5777 1353 5832 notis
1367 5778 1467 5848 passim
1484 5780 1650 5844 errantium;
1667 5777 1733 5836 nilril
1749 5787 1845 5836 tamen
1863 5781 1918 5838 itu-

260 5836 334 5895 uium
356 5840 551 5909 exemplarium
573 5843 820 5914 manuscriptorum
838 5842 1017 5910 restituimus,
1033 5854 1058 5899 et
1109 5853 1246 5904 mutamus
1259 5857 1355 5904 contra
1372 5863 1438 5906 mss.
1454 5846 1548 5905 iidem.
