4000 6334
219 325 274 389 bib

611 326 788 385 densauit
807 323 854 384 Al)
873 322 998 384 ‘l'llilUil
1018 325 1199 384 sertitttitt
1219 326 1249 383 S.
1270 323 1470 382 lllERONYlll.

1816 325 1861 385 bib

258 449 344 519 Qitare
364 465 406 506 mc
420 447 530 520 posuisti
553 449 714 504 contrarium
739 447 807 503 tibi?
824 445 927 502 Dedisti
951 445 1019 500 milii
1033 447 1057 507 A
1071 451 1187 512 nititiae,
1201 452 1341 514 tamqnam
1355 442 1466 498 diuitias
1480 455 1543 496 cnm
1556 439 1762 507 meretricibus,
1778 438 1860 514 iden,

220 543 326 615 copiam
346 543 542 614 respondendi,
560 553 588 597 nt
604 542 724 598 dicerem
741 540 790 595 tilii
804 558 810 594 :
823 541 903 596 insto
917 537 1021 594 liutitini

221 652 276 693 non
294 639 459 695 conreiiinnt
479 651 577 708 piene,
592 650 652 706 quae
667 634 758 705 potius
775 634 965 704 peccatoribus
982 633 1021 688 ir-

223 743 354 803 rogantur
367 747 375 788 t
386 731 449 786 dnm
464 729 547 786 homo
566 727 627 785 laec
639 727 703 785 dico
716 728 773 785 lieo
783 738 923 785 :creatora
942 741 1023 782 crea-

226 824 292 887 tori,
307 824 411 893 plasma
426 821 521 893 figulo.

260 913 296 970 m
315 915 401 985 {actas
411 931 470 970 sani
482 914 652 986 mihimetipsi
664 914 761 987 pratis.
777 912 845 980 Qiiia
861 926 956 968 serius
971 911 1023 966 Do-

220 1009 296 1066 mino
311 1024 372 1064 meo
387 1018 439 1064 tam
457 1009 569 1079 querula
583 1024 651 1064 voce
666 1006 833 1078 ieipninteie
849 1022 902 1061 noti
915 1004 1011 1062 debui.

257 1099 310 1156 Cur
325 1117 376 1156 noii
391 1100 461 1157 tollis
472 1111 605 1173 peccatam
619 1118 715 1170 menia,
731 1111 756 1156 ct
767 1116 848 1172 quare
862 1116 913 1155 non
930 1103 1022 1170 anteri

220 1193 383 1265 iniqnitotem
403 1195 507 1248 nicetii?
525 1193 591 1248 Eece
609 1195 722 1250 tinacia
742 1193 847 1265 puluere
869 1192 1022 1246 dormiant:

220 1281 249 1339 ld
266 1294 321 1352 cst,
336 1284 428 1341 aiilcrs
443 1285 553 1341 dolores
568 1301 656 1354 meos,
669 1302 717 1356 per
727 1301 798 1357 quos
811 1285 856 1356 qui
866 1301 942 1342 etam
961 1283 1026 1338 liac-

221 1384 300 1432 tenus
311 1377 414 1448 justus,
436 1393 508 1434 nnnc
525 1393 641 1450 peccate
656 1378 833 1448 compellor?

257 1467 293 1525 iti
308 1471 330 1525 si
344 1487 421 1527 niane
437 1488 477 1527 me
488 1472 634 1542 qiioesieris,
660 1489 713 1526 noti
734 1473 884 1529 subsistam.
903 1471 969 1528 Post
984 1473 1025 1528 is·

221 1563 275 1618 tius
290 1561 385 1618 sectili
400 1573 523 1632 noctem,
541 1565 568 1617 iii
585 1563 657 1618 illius
672 1562 754 1618 lutari
766 1563 859 1618 seculi
875 1561 1023 1632 principio,

221 1653 332 1726 quando
348 1655 401 1711 erit
413 1655 478 1711 leliit
491 1659 657 1713 resurrectio
673 1657 815 1714 beatorum
829 1675 836 1712 :
850 1671 911 1712 cuin
928 1658 1025 1729 requi·

222 1747 293 1803 situs
308 1747 402 1818 luero,
416 1763 469 1804 non
486 1747 611 1805 inscitias
627 1768 633 1804 :
651 1751 712 1822 quia
732 1766 785 1805 nnn
799 1749 834 1805 ita
851 1750 951 1821 dignus
964 1765 1024 1818 eto,

1075 537 1258 607 voluptatibus
1278 535 1405 599 virendo,
1429 533 1561 605 prodigiis
1586 533 1763 603 dissipasset,
1785 535 1862 602 petii-

1074 628 1142 685 tcnti
1167 627 1301 683 occiditur
1324 626 1438 693 altitius,
1456 623 1742 681 Citristnssamiiilns
1765 638 1863 694 qnoque

1076 719 1149 788 ltdei,
1163 734 1215 790 aaa
1225 727 1324 774 crinita
1334 719 1469 789 promissa
1480 729 1554 772 certa
1569 717 1754 788 impressione
1766 716 1865 786 signin-

1074 819 1128 878 tur,
1145 812 1171 866 iii
1185 825 1267 865 mann
1283 811 1309 866 ei
1328 810 1458 865 tribuitur
1474 827 1480 865 :
1494 818 1520 864 et
1536 823 1678 878 mesanum
1696 823 1809 864 suorum
1825 823 1865 864 ac·

1075 905 1147 974 cepit
1165 905 1351 969 itttinimcnta,
1374 911 1406 956 ut
1425 917 1511 972 snper
1532 909 1678 972 serpentes
1700 909 1729 954 et
1752 901 1865 970 scorpios

1074 1010 1188 1052 secutus
1204 994 1335 1050 inccdat:
1352 995 1425 1049 stola
1443 995 1526 1048 etiam
1542 1003 1645 1048 interita
1660 989 1865 1047 immortalitatis

1075 1087 1204 1144 donatur.

1112 1179 1250 1252 interropn
1265 1178 1332 1233 enini
1348 1180 1544 1251 miserationem
1559 1178 1709 1250 pristinam,
1724 1185 1749 1231 et
1760 1175 1868 1250 dilipcn·

1076 1280 1114 1326 tcr
1127 1272 1253 1342 int-estipa
1275 1280 1380 1341 patiam
1394 1273 1557 1326 memoriani.
1582 1269 1705 1325 Hesterni
1720 1268 1815 1339 quippe
1826 1285 1866 1321 sii·

1076 1381 1144 1431 mas,
1159 1373 1184 1420 et
1198 1365 1351 1436 ipnoranitts
1365 1380 1374 1419 :
1386 1363 1511 1437 quoniam
1530 1365 1599 1417 sicat
1613 1363 1704 1416 natira
1719 1360 1777 1415 dies
1792 1361 1866 1414 nostri

1076 1465 1135 1512 sitiit
1148 1473 1229 1528 snper
1243 1466 1340 1513 terram
1357 1457 1428 1525 :ipsi
1450 1455 1577 1510 docebant
1595 1466 1629 1510 te.
1648 1453 1798 1524 domentur
1815 1454 1865 1521 tibi,

1076 1559 1100 1602 ct
1114 1549 1146 1602 de
1157 1550 1233 1603 carde
1243 1565 1291 1602 sito
1303 1548 1433 1618 proferent
1445 1548 1556 1618 alepino.
1570 1547 1627 1602 lloc
1638 1557 1681 1602 est
1692 1546 1799 1612 dicere,
1811 1547 1867 1615 qaia

1075 1658 1127 1701 nos
1141 1643 1261 1698 hesterni
1275 1655 1381 1709 sumtis,
1396 1643 1535 1710 uitetroga
1551 1641 1688 1712 ositiones,
1706 1647 1736 1694 ct
1751 1641 1867 1694 invenies

1077 1738 1145 1792 alins
1164 1737 1191 1791 in
1206 1736 1319 1802 dilnrio,
1341 1737 1410 1792 alios
1431 1739 1457 1790 in
1483 1734 1614 1801 Sodoma,
1639 1733 1698 1789 sire
1715 1734 1743 1788 in
1759 1732 1869 1788 dirersis

222 1841 268 1909 qui
287 1840 440 1897 satientatis
455 1843 557 1896 merito
572 1843 718 1898 subsistam
738 1853 803 1899 ante
820 1843 916 1900 taciem
936 1852 1024 1899 tuam.
1040 1835 1065 1897 tt
1080 1828 1336 1899 ¹⁰1³l⁵i¹l⁰llss⁰i²¹is
1351 1828 1407 1883 {¹¹5⁵
1419 1827 1542 1883 dllefssdi
1555 1825 1697 1896 iiceiisie
1708 1824 1866 1880 iesslfflliis·

223 1933 303 2000 Quod
320 1935 343 1988 si
358 1935 458 1994 abliinc
474 1947 603 2006 peccator
619 1938 726 2004 abiero,
741 1939 784 1996 cui
802 1945 830 1994 tn
844 1949 908 1994 ante
924 1939 1022 2010 propi·

223 2027 306 2081 tiatus
321 2042 375 2082 non
390 2027 491 2085 lucris:
505 2042 595 2100 postea
611 2041 676 2086 stite
688 2043 879 2102 conspectum,
897 2032 943 2088 tibi
958 2038 1024 2088 sunt

224 2121 318 2178 caemri
330 2121 429 2192 sancti,
445 2125 565 2196 amplius
578 2141 631 2182 non
644 2140 702 2182 ero.

522 2286 638 2344 catat
657 2286 725 2343 Vlll.

261 2395 434 2470 Respondent
446 2408 533 2456 iitttcm
544 2399 647 2456 baldad
663 2400 763 2468 Saites,
779 2400 846 2456 atati
860 2417 869 2455 :
884 2399 1022 2472 Usqueqao

224 2488 339 2561 loqueris
351 2490 426 2559 talia,
442 2503 466 2548 at
482 2496 591 2565 spiritns
607 2494 744 2568 multiplic
757 2496 884 2550 sermonis
897 2496 951 2549 oris
965 2495 1026 2549 iai?

223 2581 351 2639 Oliensus
369 2594 413 2640 est
427 2585 529 2642 Baidad
544 2587 572 2642 lit
587 2587 761 2644 sermonibus
781 2589 870 2644 sancti
884 2587 947 2643 iob.
965 2587 1025 2643 Pri·

224 2692 299 2733 mum
315 2677 377 2749 quia
393 2687 499 2738 temere
515 2682 623 2738 luemus
636 2681 777 2738 inissetid
791 2682 878 2738 Dentri
892 2699 898 2736 :
911 2679 1023 2747 deinde,

224 2770 297 2842 quod
310 2771 415 2829 diceret
434 2775 506 2845 quiid
523 2775 549 2831 in
564 2792 649 2848 regan
665 2776 763 2832 luisset
788 2777 897 2833 ceteris
913 2773 1025 2846 regilius

224 2865 440 2936 praepollentior,
455 2879 482 2923 et
497 2868 568 2940 qiiod
586 2868 656 2923 lianc
671 2869 776 2940 plagam
797 2869 933 2924 innocens
948 2876 1025 2936 pate·

224 2962 344 3012 rotaret
358 2966 435 3014 notat
458 2973 520 3014 enm
544 2961 603 3032 ipse
625 2959 740 3027 Baldad,
764 2959 836 3031 quod
861 2959 938 3030 quasi
963 2974 1019 3013 nnn

224 3047 314 3105 libera
330 3059 423 3107 mente
442 3061 470 3109 et
489 3053 582 3110 sobria
599 3053 769 3124 loqueretur,
786 3052 835 3109 sed
857 3052 953 3108 nescio
969 3067 1025 3122 quo

224 3139 322 3213 spiritu
339 3145 428 3214 potins
442 3157 580 3216 ageretur.

1114 1920 1250 1992 Numquid
1262 1921 1345 1975 st'rere
1365 1929 1448 1993 potest
1463 1921 1564 1989 scirpiss
1578 1918 1675 1990 aisque
1694 1917 1816 1985 iuniore,
1828 1923 1870 1970 citt

1077 2030 1190 2070 messere
1213 2027 1342 2070 carectum
1365 2015 1423 2069 sine
1436 2029 1515 2084 aqna.
1539 2013 1597 2069 lloc
1611 2021 1654 2068 est
1677 2011 1773 2068 dicere
1789 2011 1871 2065 :sicut

1076 2109 1186 2178 scirpus
1201 2108 1245 2164 rel
1258 2119 1399 2165 carectum
1415 2109 1476 2164 sinc
1491 2122 1562 2177 aqua
1575 2105 1672 2162 vivere
1688 2119 1744 2160 non
1765 2113 1870 2175 potest:

1077 2201 1113 2255 lta
1129 2212 1157 2257 ιιι
1177 2201 1238 2257 sine
1252 2201 1375 2258 lotttento
1393 2212 1474 2272 atque
1491 2201 1608 2256 liuttiore
1626 2198 1758 2270 iustitia,
1773 2211 1872 2269 nequa·

1076 2311 1157 2366 quam
1171 2310 1333 2367 permanete
1346 2296 1374 2352 iti
1385 2296 1504 2362 pristina
1519 2294 1651 2350 felicitate
1666 2292 1795 2364 potuisti.

1112 2388 1176 2444 Citin
1194 2388 1332 2443 adhaesit
1350 2389 1379 2442 iri
1397 2390 1472 2459 pore,
1494 2403 1542 2440 nec
1560 2394 1685 2456 sarriatur
1706 2400 1800 2450 titanis,
1814 2388 1871 2437 sate

1077 2500 1163 2539 omnes
1173 2482 1266 2539 nerbas
1282 2483 1375 2537 arescit
1391 2483 1450 2539 :sic
1465 2483 1514 2538 uioe
1524 2484 1642 2537 amitiniii
1659 2481 1704 2552 qai
1718 2478 1872 2534 obliuiscen-

1077 2586 1120 2631 tar
1136 2577 1231 2633 Deam.
1246 2577 1315 2632 llicit
1329 2585 1454 2631 sanctum
1469 2575 1532 2642 inb,
1549 2576 1625 2630 relat
1640 2575 1732 2630 lierbe
1742 2570 1872 2628 similita-

1077 2671 1142 2727 dine
1160 2671 1287 2728 lloruisse
1304 2670 1370 2742 :qui
1392 2681 1539 2741 antequam
1554 2671 1587 2724 sd
1604 2669 1797 2723 niainritatem
1814 2664 1875 2719 lna·

1077 2768 1147 2822 date
1159 2767 1255 2838 gloriae
1270 2765 1437 2837 perveniret,
1463 2765 1488 2819 iii
1505 2770 1578 2819 tanta
1595 2763 1665 2818 mala
1686 2758 1872 2832 praecipitstas

1076 2865 1124 2928 stt,
1140 2877 1174 2918 ne
1189 2862 1214 2915 iti
1230 2873 1352 2931 tempore
1367 2874 1429 2929 stin,
1445 2859 1524 2930 qnasi
1539 2859 1566 2912 iit
1581 2855 1752 2926 plenitudine
1767 2853 1872 2908 dicrum

1076 2962 1267 3012 consummato
1282 2955 1476 3025 completoque
1493 2950 1690 3007 florentissimo
1702 2963 1803 3020 imno,
1816 2960 1873 3001 ma·

1077 3068 1112 3106 nu
1128 3051 1272 3121 potestatis
1291 3049 1351 3120 liei,
1374 3046 1402 3103 in
1416 3064 1467 3116 tina
1487 3034 1587 3102 onmia
1601 3059 1686 3114 regna
1706 3041 1873 3106 consistunt,

1076 3143 1213 3200 anleretur
1228 3157 1243 3195 a
1259 3142 1369 3198 secula.
1391 3141 1463 3210 Ergo
1477 3139 1541 3210 qiiia
1561 3151 1616 3192 noti
1637 3137 1675 3192 iia
1689 3134 1786 3206 egisti,
1801 3144 1831 3188 ut
1844 3131 1872 3186 iti

260 3231 397 3307 Numquid
409 3235 478 3292 beas
493 3239 642 3314 sapplantat
650 3237 792 3314 judiciuin,
806 3248 850 3293 init
864 3239 1023 3312 omnipotens
1037 3239 1059 3302 C
1076 3253 1153 3311 pace,
1162 3237 1299 3307 completo
1311 3246 1432 3306 tempere
1443 3245 1490 3289 tuo
1500 3231 1668 3288 cbtlfel‘l‘etis
1679 3231 1706 3285 iti
1717 3229 1873 3300 sepulcrum

224 3322 346 3382 subuertit
357 3331 533 3404 quodjustani
546 3331 604 3386 esti
618 3330 675 3386 lioc
685 3330 762 3396 dicit.
776 3330 838 3401 quia
851 3330 956 3401 justitia
972 3329 1022 3386 liei

224 3418 326 3485 pateris
343 3434 406 3490 note
420 3423 544 3478 mereris.

259 3509 372 3568 Etiamsi
382 3513 433 3584 alii·
447 3516 484 3570 tui
496 3523 665 3586 peccaierunt
676 3515 711 3585 ei,
723 3525 747 3570 et
759 3515 859 3575 dimisit
871 3531 914 3571 eos
925 3514 951 3569 iii
967 3529 1022 3568 nta-

223 3619 260 3660 nis
271 3605 415 3677 iniqnitatis
429 3623 483 3663 saie
497 3627 503 3663 :
516 3616 544 3664 ta
559 3617 643 3664 tamen
658 3609 682 3664 si
694 3607 811 3668 dilneiilo
825 3607 1021 3663 consurrexeris

224 3694 261 3749 ad
270 3694 366 3761 Dentis,
382 3706 407 3753 et
417 3699 617 3772 omnipotentem
628 3701 707 3774 [ueris
723 3700 877 3774 deprecatus
890 3700 933 3754 :si
945 3715 1023 3754 inan·

224 3787 274 3842 diis
287 3795 310 3842 et
324 3797 410 3846 reclus
422 3791 568 3854 incesseris.
580 3795 667 3847 statim
681 3791 814 3865 enipilnbt't
832 3793 866 3845 nd
877 3801 911 3856 te,
927 3799 951 3846 et
962 3807 1024 3864 pee-

224 3887 310 3937 catam
324 3883 413 3937 reddet
432 3882 609 3941 babitaculum
617 3888 729 3960 justitiis
751 3897 825 3940 tarr:
843 3884 972 3940 intantum
994 3895 1022 3940 iit

223 3976 246 4032 si
259 3978 350 4050 priora
360 3988 405 4042 titii
415 3983 514 4051 [aenne
529 3997 621 4050 paria,
638 3991 663 4034 et
678 3980 818 4036 inanissima
833 3991 880 4035 tua
895 3979 1024 4050 multipli-

225 4070 418 4138 centnrlniiitii.
436 4073 463 4128 st
482 4073 543 4142 lilii,
561 4072 659 4144 inqiut,
676 4073 713 4127 tui
732 4070 868 4127 incientes
884 4072 964 4136 mala,
978 4070 1022 4126 di-

224 4157 301 4216 missi
316 4171 380 4216 sont
394 4179 407 4216 a
421 4163 485 4228 Deo,
508 4175 538 4219 ut
552 4174 670 4234 potestas
684 4179 745 4234 qiite
761 4175 875 4234 propter
894 4164 1022 4234 iniquita-

225 4256 281 4305 tem
294 4265 388 4308 eorum
404 4253 432 4309 iii
448 4270 494 4312 eos
509 4255 572 4312 daia
587 4265 639 4324 est,
657 4255 828 4311 interimendi
839 4271 888 4312 eos
902 4255 1020 4312 liaberet

223 4342 362 4412 ellectum,
378 4347 425 4402 tilii
440 4349 467 4404 in
478 4349 556 4404 nullo
569 4365 670 4406 nocere
683 4349 784 4420 poterit
797 4367 803 4404 :
816 4350 839 4404 si
856 4359 944 4405 tamen
961 4351 1021 4420 ipse

222 4435 312 4491 adltuc
322 4437 419 4508 jacens
436 4439 463 4494 in
476 4441 599 4496 stultitia
613 4443 747 4502 caecitate.
767 4439 889 4496 dilaculo
902 4443 928 4496 in
943 4443 1022 4514 agni-

225 4526 327 4584 tionem
343 4529 567 4604 diainejttstitite
590 4535 813 4606 consurrexeris,
840 4545 867 4590 ct
893 4550 943 4604 pro
969 4536 1022 4591 tuis

1077 3339 1151 3386 titiim
1165 3330 1286 3386 :idcirco
1297 3336 1360 3384 ante
1370 3342 1463 3382 omnes
1476 3325 1588 3388 lterbas,
1599 3323 1688 3390 idest,
1705 3330 1874 3379 anteomnes

1075 3433 1242 3494 peccatores,
1261 3423 1307 3494 qui
1320 3421 1466 3478 lierbaruni
1487 3417 1622 3475 rocabnlo
1634 3431 1708 3487 sape
1727 3416 1872 3482 dicuntur,

1074 3515 1142 3572 solis
1160 3514 1258 3572 ardore
1272 3516 1388 3570 siccatus
1402 3529 1431 3570 es
1444 3533 1450 3568 ε
1461 3513 1486 3568 id
1509 3519 1561 3576 cst,
1579 3527 1640 3566 cnm
1652 3509 1809 3566 iniidclliius
1825 3509 1873 3563 tri·

1075 3609 1259 3666 bulatinnibus
1284 3610 1366 3666 corde
1389 3607 1508 3664 cessisti.
1531 3606 1609 3674 Quod
1633 3612 1723 3661 autem
1746 3602 1797 3674 slt,
1817 3610 1876 3658 aitte

1074 3707 1166 3762 iterius
1176 3723 1263 3762 oiiiiict
1273 3707 1366 3761 arescit
1377 3722 1387 3761 :
1398 3703 1521 3776 quisquis
1528 3704 1666 3758 bominum
1678 3702 1823 3758 multarum
1835 3707 1876 3757 est

1074 3799 1256 3872 iniquitatum,
1268 3801 1341 3856 sicut
1352 3810 1379 3855 tu
1391 3815 1433 3865 es,
1444 3815 1500 3869 prae
1511 3799 1631 3870 pondere
1640 3798 1797 3866 criminum,
1810 3803 1875 3852 aitte

1074 3891 1172 3962 incipit
1192 3905 1286 3962 peritias
1304 3891 1380 3946 luere
1395 3905 1477 3962 attam
1491 3891 1583 3946 careri
1598 3898 1766 3961 peccatores.

1109 3985 1144 4039 lit
1163 4002 1220 4058 spes
1244 3984 1385 4058 bppocritie
1405 3983 1507 4055 peribit.
1530 3983 1688 4056 llypocritte
1710 3979 1869 4036 simulantis

1073 4078 1281 4132 sanctimoniam
1298 4079 1360 4132 titre
1375 4095 1382 4131 :
1395 4076 1541 4132 bisantem
1556 4075 1707 4131 secundum
1720 4075 1781 4140 bei,
1792 4073 1865 4129 sicat

1072 4168 1132 4238 ipse
1142 4167 1191 4235 ait,
1206 4167 1406 4234 testimoninm,
1420 4166 1540 4237 simplex
1551 4165 1612 4233 luit,
1629 4174 1732 4234 rectus,
1745 4173 1774 4222 et
1789 4163 1874 4221 irino-

1073 4275 1139 4316 cens
1155 4277 1162 4314 τ
1178 4260 1210 4316 st
1228 4259 1359 4315 ambulari
1371 4261 1399 4314 iii
1412 4263 1537 4315 sanitate.

1110 4349 1172 4406 Non
1186 4352 1209 4406 ci
1228 4351 1339 4424 placebit
1353 4351 1473 4406 secordia
1486 4367 1545 4419 saa,
1560 4360 1585 4406 et
1602 4350 1669 4405 sicat
1690 4349 1742 4406 tela
1762 4365 1876 4405 manea·

1072 4459 1131 4498 ram
1154 4445 1250 4512 fiducia
1274 4445 1341 4515 ejus.
1357 4443 1477 4500 Gramlis
1501 4459 1595 4500 rerem
1617 4443 1745 4500 secordia
1771 4455 1829 4514 est,
1845 4452 1875 4498 et

1073 4537 1204 4602 amentia,
1222 4537 1294 4604 bete,
1310 4545 1340 4593 et
1358 4537 1485 4592 simulate
1499 4553 1582 4610 agere
1598 4546 1663 4594 ante
1677 4537 1764 4592 ticam
1780 4533 1876 4608 :quod

225 4621 363 4678 erroribus
377 4633 405 4678 et
419 4624 526 4682 delictis
541 4627 642 4696 lieiini,
658 4628 702 4698 qni
717 4626 807 4682 omnia
822 4637 911 4698 potest
924 4641 1023 4684 conce·
1036 4631 1115 4693 Deis
1135 4629 1161 4683 in
1185 4644 1344 4700 prosperum
1365 4645 1418 4683 noti
1438 4628 1578 4699 procedet,
1600 4643 1662 4683 cuin
1678 4628 1727 4682 ille
1737 4635 1877 4682 scrutator

224 4712 301 4783 dere,
317 4714 403 4772 luetis
415 4716 586 4789 deprecatus.
608 4719 658 4788 Qui
682 4720 758 4790 attasi
773 4719 893 4774 dormire
908 4718 1022 4774 rideba—
1072 4724 1109 4778 sit
1122 4722 1214 4778 cottiis
1232 4728 1260 4777 et
1275 4723 1359 4777 renis.
1375 4721 1457 4777 'iales
1471 4722 1498 4776 in
1515 4719 1674 4790 Evangeliis
1695 4727 1852 4789 arguuntur
1866 4735 1873 4773 :

226 4818 278 4874 tur,
294 4825 348 4866 noti
363 4811 500 4867 audienda
511 4823 537 4868 te
552 4813 690 4881 videlicet,
714 4829 767 4870 nec
780 4813 910 4880 videndo,
926 4811 1021 4868 conle-
1074 4816 1119 4886 triti
1133 4827 1196 4870 sunt
1210 4815 1299 4870 ornati
1315 4812 1419 4870 ilelotis
1438 4813 1516 4885 qiiasi
1542 4814 1635 4884 specie
1659 4813 1832 4880 sanctitatis,
1847 4819 1876 4868 et

224 4905 287 4962 stim
301 4903 441 4976 evigilabit
455 4905 624 4972 adtestari
639 4906 845 4980 piapaiinaam
862 4905 1020 4962 leliciiatem
1074 4908 1148 4962 intus
1162 4908 1264 4977 peccati
1277 4905 1422 4975 putredine
1438 4907 1511 4977 pleni
1522 4916 1596 4973 sunt,
1609 4913 1639 4961 ut
1651 4905 1781 4977 sepulcra
1799 4920 1878 4960 root·

224 5007 296 5054 tuam
307 4997 429 5052 instabit.
440 4997 576 5054 lntantiitn
589 5002 648 5054 atsi
662 5001 750 5066 prima
760 5008 804 5052 tna
814 4997 914 5054 luerint
924 5011 1019 5065 patria,

225 5093 373 5148 novissima
385 5103 428 5146 tna
440 5092 653 5162 iiiiiltiplicentnr
667 5094 756 5148 nimis.
769 5094 796 5148 Si
808 5107 875 5164 ergo
886 5092 918 5146 ad
933 5091 1020 5147 licum

226 5197 379 5241 conversas
396 5185 491 5252 literis,
518 5186 615 5253 inanit,
631 5187 664 5240 ali
684 5186 882 5258 inmanitatibus,
908 5193 1024 5256 propter

227 5291 295 5347 quas
317 5293 387 5332 nnnc
404 5291 497 5347 peenas
509 5281 622 5349 pateris,
636 5289 663 5334 et
678 5293 726 5348 pnr
736 5276 949 5334 satisfactionem
959 5293 1022 5334 eum

227 5386 277 5442 pin
293 5372 396 5428 metitis
412 5373 466 5428 tuis
490 5373 538 5429 tilii
563 5373 641 5429 valde
656 5375 753 5430 initum
774 5373 953 5430 reconciliare
973 5389 1023 5429 io-

226 5465 334 5521 lueris:
351 5477 451 5521 tantam
465 5467 524 5538 ejus
540 5473 651 5536 arntiam
667 5468 796 5522 cniitintto
813 5467 976 5536 possidebis,
994 5475 1024 5522 ut

228 5557 262 5613 ad
273 5559 504 5628 comparationem
522 5561 731 5616 tiotissimornm
745 5558 880 5615 lionorum
899 5567 1021 5626 tttotum,

226 5665 287 5718 quie
313 5651 361 5705 tibi
385 5651 476 5706 subito
499 5653 597 5720 poterit
618 5667 809 5720 compensate,
833 5653 924 5721 prinra
956 5655 1024 5706 satis

224 5755 319 5812 parta,
333 5749 361 5796 ct
374 5743 483 5798 minima
498 5743 673 5812 deputentnr.
687 5747 760 5810 ans
775 5753 933 5814 peceitnrcs
946 5745 1017 5798 tilius

231 5831 279 5894 ille
294 5831 386 5903 iunior
404 5835 430 5890 iti
447 5835 594 5905 Evangelio
610 5835 742 5908 liparatit,
764 5835 808 5908 titii
833 5851 895 5892 curti
922 5833 1022 5892 lionam

1077 5013 1198 5057 suornm.

1111 5093 1243 5150 iitnitetar
1256 5109 1334 5163 saper
1353 5093 1460 5147 domani
1485 5109 1571 5159 suani,
1587 5101 1612 5147 et
1624 5108 1678 5147 nori
1691 5091 1780 5147 stabit.
1797 5089 1876 5145 Coti·

1077 5185 1186 5244 tiendo
1201 5185 1229 5240 iit
1250 5185 1352 5254 scipso,
1374 5195 1403 5241 et
1419 5184 1610 5242 continendo
1629 5200 1742 5241 carnem
1762 5185 1877 5240 bisciiii

1075 5281 1118 5336 sni
1134 5299 1140 5334 :
1157 5287 1231 5335 stare
1247 5294 1300 5334 iioit
1315 5281 1416 5347 poterit
1433 5279 1501 5335 :sed
1518 5280 1604 5350 magis
1628 5278 1708 5336 cadet
1728 5279 1876 5350 superbis.

1077 5374 1143 5442 Quia
1159 5373 1241 5426 einais
1254 5385 1318 5425 caro
1338 5372 1427 5442 [enam
1442 5380 1490 5426 est.

1111 5463 1216 5521 Fnleict
1238 5481 1308 5529 eani,
1327 5472 1352 5518 ct
1369 5481 1421 5518 non
1441 5472 1591 5536 coitsnrpet.
1611 5462 1730 5520 Constur
1752 5461 1879 5534 propriis

1077 5557 1180 5614 ritibus
1193 5573 1223 5612 sc
1238 5559 1354 5627 erigere,
1370 5556 1418 5612 sed
1443 5571 1614 5626 neqttnrptam
1635 5569 1807 5626 consurgere
1825 5571 1879 5626 po·

1077 5652 1140 5704 terit
1153 5667 1162 5703 t
1175 5649 1238 5720 quia
1250 5664 1304 5702 non
1314 5658 1357 5703 est
1371 5647 1648 5722 llnminiis‚l‹irtitudo
1660 5649 1732 5718 ejus.
1749 5647 1776 5701 lii
1790 5663 1879 5718 quem

1075 5744 1269 5799 incumbentes
1285 5741 1442 5797 diiiiissinie
1453 5743 1639 5797 continentur.

1113 5833 1143 5890 tt
1146 5844 1258 5891 iniicctits
1272 5835 1373 5890 ridetur
1386 5843 1525 5906 aittequnni
1538 5837 1622 5894 ceiiiot
1635 5835 1685 5892 soi.
1700 5835 1878 5892 Felicitatem
