4000 6334
251 229 303 293 ιιι
639 228 814 294 ΔΡΡΕΝΒΙΧ
833 233 878 292 lb
897 232 1020 295 'l0ltllll
1039 233 1217 294 sntttlltttt
1237 234 1266 295 S.
1287 235 1492 296 suenorum.
1841 243 1888 304 lat
1976 292 1978 301 .

251 351 323 410 situs
340 349 512 426 requiesces,
527 357 557 408 ut
571 349 598 406 ln
617 358 743 422 tempore
759 351 825 422 iusti
840 349 934 422 judicil
951 351 1017 422 Dei,
1033 352 1234 418 altmontem?
1252 351 1354 410 Anima
1369 353 1438 409 enim
1461 352 1589 410 esurienti
1606 353 1683 412 ιιιιιιι
1703 369 1797 411 antara
1809 357 1887 414 dulcia
1976 376 1978 428 1

253 441 382 502 sordibus
403 451 576 514 placentarum
596 442 721 498 minimis
744 450 774 498 et
791 442 899 498 lenibus
919 455 1050 514 purgatos
1101 455 1156 496 esse
1174 442 1304 497 uidentur.
1330 442 1491 500 sicutenim
1505 458 1587 500 tremo
1600 443 1775 501 mortiterum
1789 445 1887 518 aliquod
1976 478 1978 505 l

253 531 407 592 inveniaris
435 551 444 591 a
471 533 545 591 uelut
570 532 690 590 triticum
710 529 784 605 quod
810 543 989 590 coacervatur
1023 533 1051 589 in
1101 535 1231 603 comedit,
1248 535 1681 595 atvitaesuceinimlcussitaita
1694 548 1888 611 cqopeccatum

254 641 362 685 aream.
1102 629 1260 699 contingere
1281 629 1522 698 pertimescebam.
1592 611 1615 652 ‘

267 758 270 762 -
290 717 357 774 Eece
371 715 420 773 boa
432 727 461 772 ut
474 718 704 790 incestiqauiatus,
716 720 754 774 ita
767 726 823 788 ert,
847 719 918 791 quod
931 719 1052 775 auditam
1140 720 1205 789 Qua
1226 722 1299 794 prins
1322 721 1425 777 nolebat
1439 728 1546 797 tanqere
1565 723 1655 779 aniam
1668 740 1726 779 mea
1738 739 1750 780 .·
1763 741 1832 780 sane
1844 742 1890 795 pra

252 818 339 866 mente
357 819 499 882 pertracta.
520 809 578 866 llcc
595 811 680 876 dicit,
697 826 880 883 quaecumque
898 826 914 867 a
937 827 981 868 me
1003 811 1053 868 tibi
1103 813 1225 884 anqustia
1239 813 1290 868 cibi
1303 814 1354 868 mei
1367 823 1439 870 aunt.
1455 815 1513 870 lloc
1525 823 1591 886 est,
1612 816 1705 872 uerbis
1719 831 1795 873 nune
1809 826 1891 884 pastor

251 902 411 972 dictasunt,
428 901 974 976 diligenterinuestigatanerauoreris,
990 921 1052 976 quae
1102 906 1266 980 asperis,et
1285 909 1405 979 arnaria,
1426 925 1487 982 quae
1506 908 1572 964 mibi
1596 909 1771 966 immensitas
1785 912 1891 980 ponatis
1976 932 1977 939 ι

252 994 313 1067 lpse
344 994 379 1053 ad
400 997 624 1056 emendrtiouem
653 1009 728 1056 tunm
767 998 852 1058 debes
877 1000 960 1057 eorde
987 1015 1053 1073 per·
1103 1009 1260 1071 extorquet.
1275 1002 1342 1059 llec
1353 1005 1426 1059 enim
1442 1002 1573 1060 timebam
1586 1017 1648 1059 meo
1662 1018 1711 1058 ore
1724 1001 1889 1074 depromere,

252 1090 356 1162 alpurc.
690 1111 691 1114 ¹
1104 1096 1217 1167 qnando
1231 1097 1261 1152 in
1276 1097 1424 1154 sanctitate
1434 1107 1462 1154 ct
1472 1097 1580 1170 justitia
1593 1112 1656 1154 catu
1670 1112 1741 1168 pace
1755 1099 1845 1170 quiete
1857 1099 1893 1155 ti·

564 1163 678 1222 CAPUT
693 1164 737 1221 Ἡ·
1103 1188 1212 1245 rebam.
1237 1187 1292 1246 Sed
1315 1197 1345 1246 et
1364 1191 1590 1261 praetereundum
1616 1205 1672 1246 non
1689 1199 1749 1255 cst,
1763 1191 1827 1260 quia
1847 1188 1892 1248 boc

288 1277 458 1350 Respondeas
468 1280 612 1338 aasentias
622 1281 690 1337 aisn
703 1297 713 1340 a
724 1281 830 1338 Utinam
840 1281 1054 1354 appenderentur
1104 1294 1214 1352 qunque
1229 1279 1303 1338 inter
1314 1289 1429 1338 caeteras
1443 1295 1538 1351 poenas
1549 1295 1649 1352 pessus
1658 1282 1695 1337 sit
1705 1281 1767 1348 ton,
1781 1289 1812 1337 ut
1821 1282 1893 1338 eliam

256 1382 363 1444 peccata
378 1390 435 1430 ntea
447 1374 539 1444 quibat
555 1375 622 1429 iram
637 1375 740 1444 acerui,
762 1382 787 1429 et
807 1375 958 1440 calamitas,
973 1391 1053 1444 qnam
1105 1370 1160 1426 cibi
1175 1371 1200 1426 ei
1214 1370 1291 1426 letidi
1303 1370 1465 1428 riderentur
1478 1388 1485 1426 :
1500 1373 1573 1427 sicot
1586 1381 1629 1427 eat
1644 1369 1713 1427 odor
1727 1371 1837 1438 leonis,
1860 1373 1893 1427 le
1976 1366 1978 1423 l

257 1465 354 1539 patior,
371 1466 398 1520 in
412 1476 510 1522 statera
524 1467 623 1540 :quasi
635 1483 715 1523 aretta
729 1467 808 1524 ntarb
822 1467 878 1524 luces
892 1466 997 1540 qrauior
1007 1485 1054 1542 ap·
1105 1462 1172 1519 radis
1185 1463 1292 1534 utique,
1304 1472 1333 1520 et
1348 1464 1462 1520 nimium
1477 1462 1608 1520 borridus
1622 1481 1630 1521 a
1643 1465 1690 1534 qui
1706 1463 1778 1521 odor
1792 1480 1852 1520 cum
1863 1465 1894 1522 de

254 1567 367 1629 pareret.
382 1555 458 1614 Unde
474 1569 498 1614 et
512 1557 589 1614 uerba
603 1575 659 1614 mea
678 1557 837 1614 doloresunt
849 1558 939 1632 plena.
955 1557 1054 1614 Dicitis
1103 1554 1165 1628 ejus
1174 1555 1326 1613 visceribus
1335 1567 1505 1628 erumperet,
1517 1572 1589 1612 escae
1603 1558 1695 1614 suasi
1709 1555 1736 1613 id
1749 1559 1892 1628 sapiebant,

254 1667 299 1710 me
309 1653 506 1724 peecatismets
516 1652 684 1711 iacientibus
696 1654 749 1710 ista
765 1653 821 1726 pati
836 1673 842 1709 ε
858 1662 971 1724 propter
981 1651 1053 1726 qnod
1105 1648 1178 1722 qood
1193 1665 1305 1706 suarum
1319 1651 1464 1721 spirabant
1480 1651 1588 1708 iuterna
1602 1649 1733 1706 inbrium.
1748 1649 1827 1721 Quod
1844 1651 1896 1724 ipse

254 1744 355 1814 uelim,
371 1753 401 1802 ut
415 1755 526 1818 peccata
548 1755 642 1803 eontra
667 1747 852 1804 calamitatem
878 1745 949 1802 banc
971 1763 1052 1818 quam
1069 1741 1227 1819 Bostendit
1255 1741 1301 1799 ubi
1329 1741 1424 1800 dicit:
1445 1742 1581 1800 Interiora
1613 1755 1676 1800 mea
1710 1741 1894 1799 efferbuerunt

254 1837 344 1909 patior
358 1847 548 1910 pensarentur,
565 1849 592 1898 et
607 1841 680 1898 illico
694 1840 905 1912 ciceronisque
921 1840 980 1898 ltaec
993 1841 1053 1912 ipsa
1105 1834 1210 1907 absque
1223 1834 1279 1892 ulla
1293 1835 1390 1908 requie
1401 1851 1410 1892 t
1423 1834 1452 1892 id
1467 1845 1520 1904 011,
1531 1835 1588 1908 33111
1601 1835 1718 1892 1111111111
1733 1843 1802 1890 111111
1811 1846 1838 1892 01
1850 1850 1895 1907 pu·

254 1929 396 1988 calamitas
415 1933 490 1989 uelut
505 1948 587 1989 arena
601 1934 702 2002 maris,
728 1947 810 2004 supra
828 1932 927 1989 borum
950 1946 1055 2004 pecca·
1106 1927 1255 1985 trebeta·

255 2029 345 2079 tarum
358 2027 454 2081 merita
466 2025 642 2096 ponderaret.
1143 2020 1213 2089 Quis.
1227 2018 1271 2076 det
1292 2029 1321 2075 ut
1343 2021 1428 2077 ueniat
1441 2019 1531 2092 petitio
1550 2036 1624 2086 mea.
1638 2026 1663 2074 et
1677 2019 1748 2092 qaod
1759 2028 1888 2094 ratperta,

294 2116 362 2187 Quia
373 2119 476 2193 anqittoe
490 2119 594 2175 Domini
606 2121 635 2174 in
649 2135 690 2174 nte
703 2128 776 2186 aunt,
784 2125 894 2186 quaram
909 2119 1055 2194 indiqnetia
1107 2113 1206 2170 tribuat
1220 2115 1286 2171 milti
1297 2114 1390 2171 Densi
1399 2114 1467 2184 ,llaec
1478 2114 1545 2171 mibi
1556 2115 1593 2170 sit
1601 2113 1768 2183 consolatio,
1780 2125 1812 2170 ιιι
1824 2114 1897 2170 sanem

255 2209 333 2266 ebibit
346 2211 469 2282 spiritum
484 2229 577 2281 meam,
594 2223 619 2268 et
634 2220 745 2269 tert-oret
754 2212 862 2268 Domini
871 2213 984 2268 militant
995 2229 1057 2267 cort·
1106 2220 1214 2277 poettae,
1234 2206 1279 2264 uel
1305 2207 1477 2264 cruciatuum
1500 2221 1643 2275 meorum,
1663 2205 1787 2264 remedia
1811 2207 1898 2264 mortis

257 2310 299 2357 tra
311 2319 361 2358 ms.
378 2303 428 2360 llic
444 2313 535 2374 potest
549 2304 647 2372 rideri,
664 2305 735 2375 quod
751 2306 878 2376 superius
893 2307 1055 2376 sagittarum
1107 2299 1260 2356 obtineam·

255 2393 367 2450 trotttine
385 2410 493 2452 recures
507 2396 609 2452 dixerit
623 2414 630 2451 ε
646 2411 662 2452 a
678 2396 775 2468 quibos
791 2409 848 2453 turn
868 2397 1057 2454 indesinenter
1143 2391 1179 2450 Et
1204 2395 1250 2467 qui
1272 2396 1370 2465 capit,
1394 2393 1451 2466 ipse
1470 2411 1512 2450 nte
1535 2401 1661 2450 conterat.
1685 2391 1777 2450 Solent
1799 2403 1899 2448 manant
1976 2454 1978 2471 ἶ

257 2487 436 2560 pungebatur,
451 2505 501 2546 nec
516 2491 589 2560 loqui
605 2493 833 2563 permittebatur:
847 2509 900 2547 non
915 2493 985 2564 quod
999 2507 1058 2547 rer·
1107 2501 1183 2540 tttaat
1198 2495 1223 2542 et
1243 2487 1362 2542 sncmdat
1377 2503 1436 2555 me,·
1456 2498 1480 2543 et
1500 2488 1555 2543 bac
1568 2487 1633 2542 ntiiti
1646 2487 1680 2540 sit
1693 2485 1854 2550 consolatio.
1874 2495 1899 2540 ut

255 2593 314 2634 mes
329 2579 410 2636 talem
427 2595 540 2637 sensnm
556 2584 723 2652 tinnuerunt,
749 2594 777 2638 ot
793 2584 847 2640 troc
861 2583 966 2653 judicto
981 2585 1057 2641 laee-
1106 2578 1231 2650 apptqent
1255 2596 1297 2636 me
1320 2580 1425 2642 uotae.
1452 2596 1506 2634 oon
1527 2587 1641 2652 pacat:
1654 2595 1701 2634 nec
1728 2578 1899 2634 contractant

256 2682 333 2739 rent,
348 2672 397 2730 sed
421 2674 555 2742 permisso
571 2677 634 2743 Dei,
651 2693 665 2731 a
681 2685 815 2747 potestate
837 2677 1012 2745 aduersaria,
1028 2687 1057 2734 ul
1107 2671 1270 2728 tetmottt'but
1288 2674 1407 2729 sanctia?
1421 2672 1487 2741 Qua
1502 2682 1542 2728 est
1560 2673 1630 2728 enim
1651 2670 1781 2743 fortitudo
1800 2687 1856 2726 mea
1875 2678 1900 2723 ut

256 2763 378 2819 acriores
389 2775 496 2831 essent,
511 2765 593 2822 etiam
609 2767 676 2836 ipsis
691 2767 811 2822 motibus
828 2768 964 2836 agebant:
985 2767 1057 2823 sicul
1108 2767 1250 2822 sustineam
1262 2782 1272 2821 .·
1286 2775 1333 2821 aut
1356 2766 1415 2840 quia
1441 2766 1504 2839 finis
1526 2783 1598 2822 nunt
1618 2776 1646 2820 ut
1666 2767 1796 2836 patienter
1811 2767 1900 2837 aqam?

248 2855 386 2925 ultraneum,
407 2871 508 2912 muscae
525 2865 553 2913 et
574 2873 650 2913 mutae
672 2859 699 2913 in
719 2857 849 2930 AEgppto.
866 2859 943 2926 Quod
964 2867 1055 2914 niumm
1109 2857 1185 2916 llanc
1197 2858 1282 2930 igitur
1298 2869 1415 2915 mortem
1432 2857 1676 2930 potestatidirinre
1688 2857 1742 2915 iob
1754 2857 1824 2913 solui
1838 2872 1899 2912 eao-

257 2945 329 3001 ditit
342 2963 350 3002 ε
365 2945 498 3004 Terrores
513 2949 621 3004 Domini
639 2950 759 3005 militant
777 2961 871 3006 cotttra
889 2935 946 3018 nte,
966 2959 1057 3020 potest
1109 2959 1176 3022 ptat.
1189 2961 1221 3007 ut
1236 2951 1271 3006 ab
1285 2965 1319 3007 ea
1332 2950 1465 3008 decidens
1477 2950 1559 3008 cadat
1576 2953 1604 3007 in
1618 2953 1691 3006 bane
1711 2950 1899 3020 temporariam
1976 2980 1978 2983 -

257 3035 452 3106 lpsediabolus
463 3055 524 3096 curn
536 3041 595 3097 suis
605 3040 720 3112 intelltqi
733 3059 740 3098 ε
754 3044 799 3113 qui
810 3041 942 3098 adhibitis
950 3044 1057 3098 crucia·
1109 3051 1239 3110 morteto,
1250 3052 1387 3116 quatenus
1399 3054 1556 3115 praesentes
1565 3058 1663 3115 paenas
1673 3043 1762 3115 possit
1770 3042 1899 3099 eradere:

255 3129 348 3198 tibus,
364 3139 394 3186 ut
405 3130 524 3189 cadero
539 3132 610 3201 lob,
632 3144 661 3190 et
675 3144 704 3189 ut
721 3135 905 3192 innocentiam
921 3137 1090 3210 sanctita-c
1105 3155 1167 3197 cum
1185 3140 1260 3198 velut
1273 3141 1358 3196 arbor
1372 3139 1407 3198 de
1421 3138 1473 3196 bae
1489 3140 1546 3195 vita
1561 3139 1686 3196 succisus
1709 3136 1805 3197 luerit.

257 3232 366 3296 temque
387 3223 546 3294 amitteret,
570 3227 682 3299 insuper
696 3229 850 3285 terrodbus
873 3230 1029 3286 initiabatur
1044 3248 1052 3285 ε
1143 3232 1202 3290 Nee
1215 3234 1342 3306 partitudo
1356 3233 1489 3307 lapidum,
1501 3233 1630 3306 fortitudo
1641 3248 1768 3289 nteaentec
1777 3248 1840 3288 caro
1849 3248 1900 3286 ntra

256 3316 434 3389 quodetiam
453 3320 529 3376 multi
557 3333 767 3392 persecutores,
792 3325 910 3381 ministri
931 3324 1052 3394 diaboli,
1105 3342 1181 3382 anea
1207 3325 1344 3384 est.Caro
1362 3340 1422 3382 mea
1442 3327 1630 3396 corrumpitur
1654 3324 1733 3380 sanic
1757 3338 1789 3379 ac
1814 3333 1900 3395 putre·

256 3406 360 3465 sattctis
373 3412 539 3483 martyribus
559 3412 650 3470 iacere
666 3414 822 3471 noluerunt.
836 3416 1010 3474 obsederunt
1025 3417 1053 3473 in
1103 3417 1170 3474 diua
1194 3419 1339 3475 cattorum
1356 3421 1443 3490 :quia
1468 3434 1524 3474 non
1548 3427 1592 3473 est
1614 3417 1642 3473 in
1664 3430 1710 3472 tttc
1733 3415 1799 3471 talis
1825 3413 1899 3470 lorti·

255 3515 324 3574 gyro
338 3503 544 3560 tabernaculum
555 3520 657 3561 nteum.
672 3507 742 3564 Eece
751 3509 795 3564 ιιι
807 3509 951 3566 manilcste
960 3521 1055 3565 asten·
1105 3513 1204 3584 titudo,
1217 3514 1291 3570 velut
1304 3514 1438 3585 lapidum,
1456 3521 1487 3568 ut
1500 3512 1614 3569 dtrlnres
1630 3526 1686 3566 non
1700 3511 1831 3567 scottiam.

257 3594 317 3663 dit,
341 3596 414 3666 quod
439 3599 513 3652 uelut
528 3597 623 3655 lmstes
645 3598 804 3672 inimicique
817 3601 939 3668 diaboli.
964 3612 992 3659 ct
1011 3603 1054 3658 sui
1140 3607 1210 3663 Eece
1232 3615 1337 3662 nonest
1356 3607 1487 3662 ancilium
1502 3607 1568 3661 mild
1589 3606 1618 3661 in
1637 3621 1696 3674 me,
1718 3614 1743 3658 et
1765 3602 1899 3660 aestuarii
1976 3652 1978 3669 ,

256 3686 359 3746 acriter
370 3687 520 3745 militarent
533 3707 540 3744 :
555 3691 582 3746 ιιι
596 3689 670 3746 enim
683 3692 794 3763 maligni
807 3694 929 3763 spiritus,
945 3694 1055 3750 diuerso
1103 3715 1206 3771 quaque
1217 3701 1268 3754 mei
1282 3704 1449 3756 'recesserant
1463 3712 1543 3753 arne.
1558 3697 1624 3753 Tatn
1635 3711 1670 3754 ex
1684 3711 1757 3765 atta,
1772 3711 1853 3768 qnam
1867 3710 1897 3749 ca

257 3780 341 3837 mado
364 3781 502 3853 accipiunt
531 3792 694 3854 potestatem
718 3803 724 3840 :
747 3787 779 3841 ad
801 3788 918 3842 aliorum
942 3787 1053 3859 quidem
1105 3807 1225 3864 persona
1237 3792 1355 3858 illinisti,
1372 3791 1508 3862 propbeta
1523 3792 1575 3847 boc
1586 3790 1665 3846 dicit.

254 3874 596 3943 datnttntiottem‚aliorum
608 3895 675 3937 uero
689 3881 922 3947 emendationem,
935 3882 1054 3936 aliorum
1143 3884 1193 3953 Qui
1214 3883 1283 3938 tollit
1297 3883 1330 3938 ab
1349 3883 1517 3939 inimicatus
1536 3882 1760 3950 misericordiam,
1787 3882 1897 3938 timorem

254 3979 347 4028 nutem
370 3973 562 4044 probationem
575 3990 582 4028 ε
594 3975 641 4046 qni
657 3975 690 4030 de
704 3975 764 4031 suis
779 3974 900 4030 ascribas
913 3974 958 4031 nel
973 3975 1054 4030 mini·
1105 3975 1214 4033 Domini
1225 3976 1394 4050 derelinquit.
1410 3974 1523 4033 Fratres
1535 3980 1586 4034 snei
1600 3977 1782 4045 preterierunt
1795 3993 1835 4032 me
1847 3976 1897 4031 :si-

254 4064 352 4134 sterio‚
368 4065 445 4130 unali,
457 4067 517 4122 siae
531 4074 670 4133 terrores,
684 4066 729 4122 uel
744 4067 826 4122 etiam
845 4067 966 4124 latrones
982 4083 1056 4122 ttttn·
1104 4078 1147 4125 cat
1158 4080 1258 4126 torrem
1271 4072 1315 4144 qud
1328 4070 1427 4136 raptim
1447 4072 1543 4126 transit
1559 4070 1588 4124 in
1607 4066 1780 4125 consultibus.
1796 4069 1897 4126 lliseri·

255 4165 399 4226 copantur.
419 4157 518 4215 Dttmia
539 4158 616 4217 dedit
639 4160 666 4216 ln
681 4161 807 4218 manibus
822 4176 936 4231 eorum,
950 4162 976 4218 id
991 4173 1052 4232 est,
1104 4163 1200 4222 cordia
1213 4172 1267 4230 est,
1283 4161 1318 4219 ad
1332 4161 1458 4219 miserias
1465 4177 1561 4218 eorum
1573 4163 1619 4233 qni
1631 4160 1811 4227 tribulantur,
1825 4175 1897 4217 conr·

255 4249 427 4318 praedonum.
445 4251 542 4308 Omnia
567 4256 660 4326 utique
680 4269 741 4326 quar
762 4255 875 4323 imbuit,
900 4258 959 4313 siae
983 4257 1054 4314 lilios
1105 4257 1236 4327 patiendo
1259 4268 1382 4312 ntoerors
1400 4254 1493 4310 cardis
1516 4252 1626 4310 delicati
1649 4253 1746 4308 :banc
1766 4267 1816 4309 uos
1832 4251 1893 4306 dum

259 4355 354 4410 meas,
375 4343 434 4400 sive
457 4343 752 4403 substantiamzsieut
772 4356 801 4403 et
819 4349 953 4420 meipsum
978 4348 1055 4405 dedit
1104 4349 1195 4405 amico
1224 4363 1280 4405 non
1316 4345 1495 4418 impenditis,
1526 4345 1657 4402 tiatorem
1686 4343 1796 4401 Domini
1819 4344 1897 4401 dere-

255 4431 328 4492 Deus
342 4435 370 4492 in
385 4438 511 4494 manibus
525 4439 639 4508 diaboli,
654 4441 712 4498 siue
726 4456 838 4498 suttrum
854 4441 1013 4500 sattellitum.
1104 4441 1240 4516 linquitis.

292 4525 428 4600 Nanrquid
440 4530 524 4602 rapiet
539 4546 636 4606 onaqer
647 4549 705 4587 earn
723 4534 841 4588 labuerit
862 4534 989 4590 derbem:
1003 4537 1090 4601 call)
1139 4537 1190 4603 Qui
1199 4534 1439 4608 timentprainam,
1455 4533 1538 4590 irruet
1553 4549 1691 4602 mpereas
1702 4533 1758 4589 nia.
1775 4531 1895 4602 Tempore

255 4622 351 4696 memet
371 4623 415 4678 bas
427 4639 487 4679 eum
501 4633 560 4682 ante
572 4643 686 4700 presepe
708 4627 814 4698 plenum
830 4629 947 4684 steterit?
972 4627 1052 4685 Sicut
1101 4645 1152 4699 qua
1176 4628 1273 4701 [amini
1296 4627 1434 4700 dissipati,
1459 4626 1591 4700 peribunt.
1615 4626 1761 4684 Timebam
1787 4634 1894 4698 peccma

255 4715 329 4770 euim
354 4715 399 4771 illa
415 4732 476 4772 cum
489 4718 532 4775 rel
546 4719 685 4776 abttndaol
702 4721 829 4791 pabulis,
851 4722 953 4778 nullam
971 4723 1051 4795 quasi
1101 4733 1183 4789 etism
1198 4731 1309 4788 minime
1321 4739 1494 4804 perpetrate,
1506 4744 1542 4787 ne
1555 4729 1657 4802 procis
1671 4730 1721 4788 Dei
1732 4729 1761 4786 iu
1774 4729 1894 4787 meultio

258 4808 433 4880 ίιιιθιθιιιιιιιιι
449 4827 541 4870 locem
557 4815 699 4880 emittunt,
714 4825 744 4870 ut
757 4817 847 4888 pabuli
858 4818 977 4889 inopiam
985 4834 1050 4890 plo·
1100 4833 1245 4890 dpsaeqim
1259 4851 1268 4889 ς
1281 4839 1309 4889 et
1322 4847 1390 4890 θεοῦ
1403 4847 1475 4890 nunc
1488 4833 1524 4889 iq,
1541 4832 1660 4904 punior,
1683 4842 1821 4905 tamquam
1832 4845 1889 4888 εω-

254 4910 390 4959 testentur
405 4918 414 4958 a
429 4903 513 4960 simili
528 4907 624 4973 modo,
638 4909 777 4980 inquiens,
802 4921 830 4969 et
844 4927 896 4982 eqo
916 4913 939 4970 si
954 4929 1049 4985 pacem
1099 4936 1156 4992 ,θη
1170 4935 1297 4992 mmm,
1315 4933 1515 4990 commiserim,

252 5000 281 5050 et
290 4993 409 5102 quietem
420 4997 510 5066 potins
522 5013 604 5070 quam
617 5000 716 5056 bellum
727 5004 855 5060 haberem
864 5007 891 5061 in
904 5007 1047 5077 membris,
1136 5037 1172 5094 m
1182 5046 1209 5094 κε
1218 5037 1523 5106 mmmmm
1532 5037 1566 5092 αθ
1575 5036 1633 5094 lm
1642 5052 1700 5092 m·
1716 5034 1768 5095 Ubi
1781 5034 1887 5094 fem
1976 5092 1978 5097 Ι

252 5095 281 5144 ct
294 5104 322 5144 m
335 5103 425 5145 aalma
441 5104 519 5160 anea,
539 5092 643 5150 nullum
655 5109 812 5154 sermonem
827 5115 950 5156 amat-um
964 5117 1048 5173 aspe-
1099 5150 1221 5213 mmm
1240 5155 1340 5197 nomen
1353 5139 1414 5212 ejus
1427 5139 1455 5194 in
1470 5139 1591 5211 popufis,
1607 5137 1635 5195 in
1649 5138 1747 5209 ‘¹0¹4ae
1759 5152 1815 5194 m
1831 5137 1890 5192 'oco
1976 5104 1978 5115 '

252 5196 349 5239 rumve
364 5181 528 5251 proferrem.
1314 5245 1319 5256 .
1513 5242 1520 5255 .
1806 5243 1811 5253 .

286 5271 443 5348 Autpaterit
457 5277 789 5354 comediiasulsuttt‚quod
803 5295 906 5341 nonest
920 5286 1049 5342 salecon-
1093 5253 1354 5400 'zazrwmpmn’
1389 5241 1464 5300 vem
1493 5259 1541 5299 ω
1571 5257 1635 5298 cum
1668 5242 1762 5299 ⁰³¹⁰oe
1786 5240 1883 5298 ml·

251 5363 344 5421 ditum.
359 5367 503 5437 Quomodo
514 5372 584 5428 ratio
599 5389 652 5430 non
664 5375 730 5432 sinit
745 5379 897 5442 naturalis,
922 5387 950 5433 ut
969 5379 1050 5449 quid·

250 5470 332 5527 quam
346 5459 479 5517 insulsum
493 5465 602 5522 comedi
621 5469 708 5538 possit
724 5487 729 5524 :
752 5471 788 5524 lta
804 5485 854 5540 eqo
876 5469 944 5526 nibil
958 5472 1047 5527 insttl-
1135 5442 1264 5498 ¹””⁰²“⁸⁰‘'
1276 5448 1338 5497 ”m
1348 5441 1446 5498 “mim
1455 5459 1592 5516 imm
1604 5458 1695 5500 mm
1706 5457 1717 5498 ·‘
1727 5439 1892 5499 “mmmm

249 5561 321 5619 sum,
334 5549 400 5608 nibil
413 5555 525 5612 muttum
536 5568 632 5630 comm
644 5561 816 5628 peumfflqqq
827 5563 900 5634 quoq
911 5578 967 5621 „on
979 5564 1045 5622 fidei
1099 5544 1127 5600 in
1137 5560 1256 5613 uacuum,
1270 5553 1297 5602 et
1311 5542 1441 5613 peribunt.
1455 5543 1573 5602 Semitas
1587 5545 1705 5602 virtutes
1718 5543 1888 5611 artimldiait‚

249 5640 308 5700 sale
319 5642 460 5702 conditam
472 5657 561 5716 esset,
574 5662 705 5723 opemtus
717 5668 789 5710 sum.
1099 5647 1127 5705 iu
1142 5649 1241 5722 quibus
1252 5646 1346 5705 otDeo
1360 5647 1498 5721 placeret,
1509 5647 1584 5705 omni
1594 5647 1690 5706 studio
1700 5646 1889 5720 gradiebatur:

283 5733 337 5791 dut
358 5745 439 5808 potest
463 5739 558 5810 alimus
577 5753 698 5816 querare,
724 5747 792 5818 qaod
810 5754 942 5818 praeatum
967 5748 1046 5824 atlas
1101 5751 1151 5807 lms
1169 5753 1281 5809 semitas
1302 5750 1456 5825 malisque
1477 5751 1633 5823 patiebatur
1650 5752 1787 5809 involutas
1806 5759 1888 5821 atque
