4000 6334
135 287 181 343 lib
554 273 797 336 coabbarahtt
817 274 850 336 ΙΝ
869 273 1003 336 btubtbt
1021 273 1091 334 toa.
1110 273 1187 335 ChP.
1211 271 1334 335 mlx.
1716 273 1770 338 iil

135 396 303 470 buspredam
328 396 452 468 capiant.
468 391 546 454 liudo
574 397 626 452 sub
647 395 697 454 bac
716 393 1086 466 ligurainimiciAsuorum
1113 393 1248 466 gloriam,
1273 403 1302 450 et
1329 393 1546 475 inem-ruptionis
1572 391 1768 452 beatitudinem

135 492 212 552 nostri
228 489 387 562 spirituales
406 489 607 562 intelliguntur.
622 487 745 548 Strutbio
756 505 821 544 aero
836 490 917 562 longe
969 487 1176 558 senapiternam.
1192 486 1292 553 Aliter,
1319 486 1367 542 scd
1390 494 1419 542 ct
1441 484 1463 540 si
1487 485 1621 542 doluisset
1637 502 1687 556 pru
1703 487 1768 543 litiis

135 582 249 642 dissimili
266 581 348 640 tando
363 582 461 654 penms
477 581 536 638 suis
549 581 636 640 utitur
650 599 657 638 a
673 597 707 640 eo
721 581 793 652 quod
807 597 854 638 aas
868 597 915 640 ae·
968 579 1149 649 eurisecratis,
1166 579 1264 635 trustra
1280 578 1428 646 doluisset,
1442 576 1504 650 quia
1519 591 1574 632 aon
1599 576 1715 634 habebat
1735 577 1770 634 ti·

133 683 169 738 lut
188 695 232 751 per
247 677 339 749 udan,
367 689 395 735 et
409 679 528 748 speciem
553 675 670 734 tinorum
694 686 915 734 testantcatarum
968 673 1061 732 ntendi
1074 689 1185 744 musas,
1209 673 1319 748 quando
1332 688 1380 731 eos
1395 687 1449 730 noo
1467 672 1599 745 perdidit,
1614 671 1662 729 sed
1676 671 1770 743 acqui·

131 771 311 848 gubernaculis
324 771 418 828 uirens
431 769 600 828 habitualem
614 771 753 828 exundat.
768 769 832 828 llmc
846 769 914 840 aris,
968 766 1042 822 sirit.

131 870 165 926 ait
177 866 303 924 berctinus
318 865 353 922 ad
365 863 418 924 lob
433 883 438 918 ι
1005 857 1122 916 Priuerit
1133 861 1203 916 enim
1215 876 1272 916 eunt
1285 857 1355 916 Deua
1370 857 1511 930 rupirrttiu,
1523 873 1571 914 ner
1583 855 1655 912 dedit
1668 855 1710 912 illi
1729 857 1768 911 in·

162 956 269 1026 Quande
292 953 430 1030 dereliquit
455 970 501 1012 ene
522 971 573 1011 ann
589 956 615 1010 in
631 963 709 1022 terre,
724 964 751 1012 tn
765 953 875 1028 {ursiton
890 953 917 1010 in
968 953 1152 1025 telliqentinm.
1166 951 1309 1023 Sapientia
1322 963 1406 1026 atque
1421 949 1601 1023 intelligentia
1617 948 1711 1007 mundi
1722 949 1772 1005 ltu·

131 1051 222 1126 pttlt‘ere
239 1049 378 1120 calefacies
401 1050 451 1104 eei
471 1044 528 1104 orn
544 1047 604 1102 siae
619 1047 704 1115 itlius,
719 1057 749 1103 ut
773 1049 799 1104 ia
819 1046 914 1102 subsc·
965 1046 1011 1118 jus
1024 1046 1129 1118 priuata
1141 1055 1208 1102 csta
1221 1047 1276 1103 lieo
1288 1047 1427 1112 Ecclesia;
1442 1061 1505 1100 anm
1518 1053 1546 1100 ct
1557 1044 1704 1115 Apostolus
1718 1043 1770 1100 hoc

130 1145 266 1218 queuntibus
287 1143 399 1208 dicitur,
416 1159 516 1200 aonam
531 1153 684 1198 creaturam
701 1151 782 1214 atque
795 1143 824 1197 ia
838 1139 918 1198 Cbrt-
969 1137 1028 1194 lteri
1045 1139 1179 1211 precipit,
1192 1139 1287 1196 dicens
1300 1158 1306 1192 :
1321 1138 1371 1208 Qui
1384 1139 1439 1193 uult
1459 1138 1562 1209 cupiens
1581 1151 1649 1202 erse,
1674 1135 1770 1191 stultns

129 1247 166 1294 sto
177 1247 345 1307 generatam,
362 1245 390 1294 ct
402 1234 548 1292 candidam
566 1235 722 1306 progeniem
745 1243 849 1290 sancta·
865 1233 917 1292 lic·
967 1234 1024 1306 fiet,
1037 1241 1066 1288 nt
1080 1235 1116 1289 rt't
1129 1235 1236 1314 sepiens
1248 1250 1257 1289 .·
1269 1234 1333 1306 quia
1344 1232 1474 1304 snpientia
1484 1233 1563 1300 baius
1575 1230 1666 1286 mnndi
1678 1229 1768 1285 eteriti-

129 1327 209 1386 clesia
222 1326 377 1400 intelligere
397 1327 540 1384 debemus.
562 1325 616 1386 Sed
638 1326 668 1384 iu
690 1327 752 1384 oris
773 1325 836 1382 illas
855 1340 916 1384 esse
967 1327 1054 1382 tinen
1068 1326 1140 1401 apud
1154 1325 1248 1383 Deum.

128 1422 292 1488 uouerimus,
319 1423 365 1494 qni
390 1421 512 1478 doctrina
535 1419 710 1492 qrtotidiaaa,
739 1417 823 1490 'quasi
844 1418 916 1476 ictus
1003 1418 1069 1477 Carta
1080 1431 1180 1496 tenipus
1204 1422 1297 1492 puerit,
1318 1421 1346 1478 tn
1369 1420 1454 1476 altum
1475 1417 1533 1476 alus
1555 1418 1643 1492 eriqit,
1665 1415 1768 1474 deridet

128 1515 227 1586 qnidam
245 1513 378 1570 Ecclesia
394 1513 489 1569 rrrntris
516 1513 682 1580 nutriuntur,
710 1521 738 1568 ut
753 1513 917 1584 quandoque
968 1530 1064 1586 eqttrtnt
1074 1526 1098 1570 et
1112 1530 1276 1572 nreerrsarern
1288 1517 1354 1588 ep'ttr.
1367 1511 1434 1571 Cum
1451 1513 1600 1586 ingruerit,
1614 1512 1667 1579 ait,
1682 1513 1769 1567 melea

128 1609 306 1668 deinitiurum
322 1609 487 1681 lrngnlitatc,
500 1620 528 1668 et
544 1608 754 1681 irnperiectione
769 1607 916 1679 prooedcu·
967 1611 1035 1666 stior
1050 1620 1079 1668 et
1095 1612 1211 1668 trimitan
1235 1611 1333 1668 acerba
1362 1609 1475 1666 :ribictiu
1503 1609 1706 1681 persequentis,
1732 1611 1769 1664 ibi

127 1715 173 1775 tes,
187 1703 220 1760 ad
236 1702 364 1760 altimum
378 1713 447 1762 testa
461 1705 604 1769 virtutum,
625 1702 707 1760 relati
724 1701 861 1759 distinctis
874 1711 914 1756 at·
967 1703 1056 1774 ntajor
1070 1704 1104 1760 ad
1125 1705 1210 1760 bcnm
1233 1704 1268 1760 de
1290 1703 1441 1762 aibictinne
1461 1703 1630 1760 ‹tltscrmntis
1642 1701 1768 1770 allectus,

127 1815 171 1870 qne
182 1796 304 1854 formatis
318 1798 502 1856 membrorum
512 1799 698 1868 compagibus,
714 1799 915 1866 existant,cum
930 1777 954 1842 Β
969 1799 1032 1852 dunt
1046 1799 1249 1870 quodammodo
1271 1802 1418 1868 uariantur,
1432 1807 1460 1856 et
1475 1797 1633 1854 lauruiliatns
1655 1797 1770 1870 erigitur

127 1905 154 1948 et
171 1891 289 1948 terrebris
302 1889 429 1947 ritinrnm
449 1890 500 1948 hoc
522 1891 603 1946 trrarlu
621 1889 686 1946 lancti
702 1891 802 1946 inerint
822 1890 867 1947 lut
887 1891 914 1946 in
968 1889 1123 1947 intentione
1134 1891 1340 1964 vigilantissima
1352 1889 1518 1962 deprecandi
1530 1889 1556 1944 in
1567 1887 1703 1945 excelsum
1714 1886 1768 1943 sta-

127 1984 241 2051 bumiae,
258 1983 436 2054 prtthctentcr
447 1983 568 2052 quotidie
579 1982 613 2038 nd
628 1990 737 2038 retritum
755 1997 917 2054 tttotatttrque
968 1981 1007 2040 cri
1022 1984 1097 2056 nisu,
1114 1985 1195 2042 iidem
1210 2001 1287 2042 suarm
1303 1993 1330 2040 et
1341 2000 1429 2055 spem,
1445 1984 1518 2039 relat
1532 1997 1635 2054 petrinas
1650 1979 1677 2036 in
1693 1979 1767 2052 adju-

125 2077 297 2134 saliclitatem.
318 2077 439 2133 hadinnt
454 2078 616 2149 prophetam
632 2075 667 2134 de
679 2075 745 2148 ipsis
756 2076 892 2135 dicentem
908 2093 915 2133 ε
968 2075 1040 2131 torio
1052 2077 1147 2148 gratiae
1163 2076 1209 2132 [lei
1226 2075 1308 2132 iubas
1320 2075 1397 2132 saliet
1407 2083 1425 2142 t,
1442 2085 1469 2130 et
1483 2091 1544 2132 crrrrr
1556 2075 1650 2130 talium
1664 2072 1767 2129 clarum

127 2169 181 2226 bier
193 2169 389 2242 scrutabuntur,
402 2181 426 2225 et
442 2188 515 2228 nenm
526 2171 553 2226 in
569 2171 622 2240 eir,
642 2170 740 2242 idest,
763 2171 865 2228 uulhrm
888 2173 916 2229 in
967 2168 1769 2244 sustentataincritaarilio,gressusproiectocjusrelocio·

125 2265 160 2320 cis
176 2265 270 2320 titium
286 2264 483 2332 dtttrtinabitur,
499 2281 553 2338 quo
568 2265 743 2336 impugnante
762 2266 913 2322 vincantur.
969 2277 1013 2318 res
1039 2262 1195 2320 eiliciurttur
1213 2270 1240 2320 el
1254 2263 1354 2320 coerciti
1373 2261 1430 2322 :ita
1447 2272 1476 2320 ut
1491 2263 1666 2336 insequentes
1677 2279 1707 2318 sc
1721 2262 1768 2320 dc·

126 2355 206 2412 Filios
219 2373 289 2412 rcro
302 2355 487 2430 intelligamus
500 2359 555 2430 jam
569 2359 652 2416 solito
669 2358 847 2429 robustiores,
865 2360 917 2416 ilde
968 2358 1057 2414 rideat
1070 2359 1207 2427 inimicos,
1225 2359 1312 2426 idest,
1328 2375 1428 2431 equum
1443 2366 1470 2414 et
1482 2360 1620 2429 equitem,
1637 2357 1710 2430 «pund
1727 2364 1771 2413 est

124 2465 151 2506 ae
163 2451 311 2508 uirtutibus
322 2452 507 2522 corrtpositas,
525 2461 606 2524 atque
622 2451 751 2510 ioraaatos
765 2468 815 2524 per
828 2451 917 2511 iucre-
968 2450 1107 2509 diabolum
1131 2453 1160 2508 el
1181 2446 1322 2507 huminem
1346 2449 1501 2507 irrinistrum
1526 2450 1642 2517 inimici,
1671 2449 1716 2518 qni
1742 2449 1768 2502 in

125 2559 208 2600 irretita
221 2545 367 2608 uirtutum.
386 2554 526 2618 tatnquma
541 2560 590 2616 per
604 2561 739 2602 arenarum
752 2546 850 2602 scriem
859 2546 916 2618 iarn
970 2544 1168 2618 perpetrandas
1183 2555 1279 2602 crintra
1292 2543 1443 2601 Ecclesiam
1459 2543 1676 2616 persecutiones,
1693 2541 1771 2599 sedet

122 2635 233 2692 deamni
249 2637 915 2710 iniirrnitatetitaeincompositaenibilbabeates.
968 2637 994 2696 iu
1018 2639 1143 2711 quolibet
1161 2655 1232 2711 equo
1255 2655 1317 2706 sao,
1342 2640 1369 2696 in
1393 2639 1478 2696 corde
1499 2636 1630 2695 videlicet
1650 2635 1770 2694 hominis

124 2730 152 2786 lli
165 2731 256 2803 igitur,
268 2731 340 2788 sicut
355 2731 393 2786 nit
410 2732 554 2802 bantinus,
568 2731 595 2788 in
608 2740 680 2788 terra
691 2731 725 2789 ab
742 2731 862 2790 Ecclesia
874 2749 918 2792 re·
970 2731 1173 2804 persequentis.

123 2824 290 2898 linquuntur,
317 2825 426 2900 qrrarrdo
455 2827 675 2898 persecutionem
700 2827 734 2883 ab
759 2827 869 2900 impiis,
890 2837 917 2884 et
1007 2822 1142 2898 Nunrqnid
1162 2824 1286 2897 prebebis
1306 2840 1371 2896 eque
1390 2821 1583 2896 fortitudinem,
1596 2831 1643 2877 ant
1658 2823 1772 2878 ciream-

122 2930 224 2978 terreaa
239 2923 412 2994 sapientibus
428 2925 579 2992 partiuntur.
596 2922 763 2996 liclinquere
785 2927 857 2983 enim
870 2937 917 2982 ces
968 2917 1043 2975 dubia
1058 2919 1127 2976 collo
1138 2921 1196 2988 einr
1209 2917 1359 2976 hirtnitnmi
1374 2917 1452 2976 harno
1466 2935 1565 2990 egnum
1582 2919 1770 2976 adversariam

122 3012 238 3072 Ecclesia
263 3013 375 3083 dicitur,
390 3015 454 3072 dum
475 3015 684 3072 aduersantibus
710 3032 764 3073 non
790 3016 914 3073 resistit:
969 3025 1134 3088 potestatem
1150 3015 1270 3072 arbitror
1284 3031 1366 3087 posse
1384 3015 1510 3086 intelligi,
1528 3013 1575 3085 qni
1589 3017 1625 3070 sit
1640 3013 1771 3085 pallidas,

122 3123 184 3177 quos
196 3108 332 3166 boatitrns
346 3107 454 3167 iurtore
469 3108 531 3167 iudei
543 3119 571 3167 et
585 3111 714 3182 patientia
729 3109 822 3178 duros
835 3123 917 3182 atque
969 3120 999 3168 ut
1019 3111 1047 3166 ia
1067 3109 1233 3184 Apocalypsi
1250 3109 1399 3176 scribitur,
1418 3125 1500 3180 quem
1515 3109 1642 3181 seqnitur
1656 3123 1730 3164 tnors
1745 3115 1775 3165 cl

121 3199 146 3256 iu
161 3202 206 3257 illo
218 3202 283 3274 mare
297 3218 377 3274 quem
389 3202 464 3258 misit
483 3202 510 3259 in
538 3215 658 3270 tcrratn,
675 3212 704 3260 et
726 3201 753 3257 in
774 3203 913 3275 pnlrcrem
929 3173 952 3236 c
968 3201 1085 3262 inieras.
1101 3202 1135 3262 Et
1147 3205 1193 3278 qui
1207 3203 1235 3262 ia
1251 3203 1384 3261 Zacharia
1396 3205 1532 3279 propbeta
1546 3205 1648 3260 dicitur
1658 3203 1772 3269 rubeus,

120 3295 218 3368 fragilis
232 3299 326 3356 carinis
341 3313 436 3356 eorum
448 3297 617 3356 fortissimos
630 3297 705 3354 lacit.
968 3300 1105 3358 unitatibus
1118 3299 1249 3359 videlicet
1269 3301 1431 3372 bominum,
1452 3309 1480 3355 et
1501 3309 1601 3356 cruore
1616 3313 1771 3372 respersas.

154 3391 323 3448 dbiiuiscitnr
340 3392 410 3466 quad
430 3409 475 3468 per
496 3395 628 3450 conculcet
642 3411 689 3461 ert,
707 3401 752 3450 unt
766 3392 845 3450 teuta
858 3391 918 3466 egri
968 3391 1090 3450 Proinde
1103 3392 1170 3448 dunt
1185 3395 1355 3462 permittitur
1373 3391 1490 3466 praeberi
1506 3391 1533 3449 ei
1546 3407 1561 3448 a
1576 3391 1653 3465 lieo,
1674 3389 1775 3448 dicitur

119 3496 244 3542 content.
261 3486 440 3544 obliviscitur
456 3486 579 3544 Ecclesia
595 3495 674 3544 aattrs
696 3501 777 3554 snas,
798 3486 861 3542 dnm
876 3487 918 3542 eis
969 3480 1118 3552 iortitudo,
1131 3495 1159 3542 et
1173 3483 1337 3542 circumdari
1352 3484 1424 3542 collo
1439 3484 1499 3558 ejas
1521 3485 1664 3556 ltirmitns,
1682 3491 1711 3540 at
1725 3499 1774 3556 per

120 3591 310 3648 pressurarum
340 3579 490 3648 rrrulestias,
522 3578 697 3636 adversarios
725 3579 827 3636 inietre
862 3595 915 3636 nan
969 3575 1145 3648 patientiam,
1162 3577 1357 3636 ethonitatem
1375 3577 1773 3646 liei,tbcsaurizctsibiiram

121 3671 258 3740 probibet.
273 3671 330 3729 lloc
344 3672 406 3729 luco
419 3669 602 3728 differentiam
617 3683 751 3742 patoesse
765 3670 917 3728 tribulatio·
968 3669 996 3728 in
1012 3671 1057 3728 die
1067 3671 1163 3739 tranet
1178 3672 1356 3729 revelationis
1365 3673 1432 3744 justi
1441 3672 1544 3744 indicis
1555 3673 1613 3730 Dei.
1626 3673 1659 3730 Et
1670 3673 1773 3732 idcirco

119 3779 183 3820 trum
193 3774 308 3836 propter
321 3765 387 3820 illnd
398 3765 469 3837 quod
485 3765 566 3834 dixit,
580 3781 627 3836 pes
639 3766 794 3832 eoriculcet,
811 3775 839 3822 et
850 3765 916 3824 illud
968 3765 997 3822 ia
1012 3765 1085 3822 collo
1098 3765 1157 3837 ejus
1169 3764 1343 3838 signillcatnr
1358 3766 1482 3822 bituritas
1495 3764 1643 3837 superbire,
1659 3783 1715 3838 qno
1730 3774 1772 3823 ta-

120 3855 187 3924 quad
200 3857 251 3926 ait,
263 3866 288 3912 ct
304 3857 400 3914 bestiae
411 3859 470 3928 agri
486 3868 639 3916 conterant.
654 3859 689 3914 Et
700 3862 751 3914 hoc
765 3860 800 3916 sit
813 3859 917 3916 contri·
969 3868 1043 3916 arent
1057 3871 1154 3916 contra
1169 3860 1266 3930 Deum,
1283 3867 1311 3916 et
1326 3859 1526 3932 blasphemiam
1541 3859 1678 3932 loquatur.

121 3949 155 4003 tiu
165 3949 328 4018 bestiarum,
341 3951 451 4020 ‹puarttlo
466 3961 562 4022 aperte
578 3959 679 4019 truces,
698 3952 764 4008 sauri
778 3964 805 4009 et
821 3953 917 4008 imttra·
1005 3953 1142 4024 Numquid
1151 3954 1289 4010 susdtedt'r
1300 3971 1358 4010 enm
1369 3955 1444 4027 quasi
1456 3951 1593 4010 decasius?
1606 3951 1683 4010 More
1693 3951 1771 4012 locu·

119 4045 201 4100 nitate
217 4061 325 4102 ntorum
352 4045 514 4102 crudelitate
533 4047 639 4104 similes
660 4045 819 4104 ltestiaruru.
840 4045 917 4104 Chri·
968 4056 1084 4120 staram,
1097 4049 1271 4108 adversarius
1286 4059 1381 4107 noster
1396 4047 1498 4106 dicitur·
1508 4046 1647 4116 suscitari,
1661 4047 1770 4120 quarrtlo

104 4148 188 4194 stum
202 4139 369 4196 confitentes
381 4153 466 4210 usque
481 4138 515 4196 od
539 4140 709 4196 atrocitatem
733 4140 828 4196 rtaortis
847 4137 917 4195 ailli-
969 4143 1004 4200 de
1016 4142 1152 4200 lacissnis
1165 4144 1199 4199 ad
1214 4142 1372 4214 partiendas
1383 4141 1521 4212 regiones,
1531 4153 1613 4216 atque
1622 4143 1770 4199 metandae

119 4241 192 4301 gunt.
204 4229 259 4288 Pes
271 4247 336 4288 tero
350 4231 567 4290 conculcationis
581 4233 616 4290 sit
627 4232 815 4304 hujuscemodi
831 4233 917 4290 tribu·
970 4235 1070 4308 praeire
1084 4233 1200 4303 dieitur,
1212 4235 1283 4292 sicat
1296 4234 1334 4291 ait
1345 4233 1380 4290 de
1396 4232 1453 4290 Deo
1468 4233 1611 4306 psalmista
1625 4252 1632 4289 :
1647 4231 1734 4302 brut,
1746 4243 1772 4292 et

118 4323 202 4394 latio,
235 4325 346 4398 quando
379 4327 560 4400 opprobriis,
588 4337 617 4386 et
647 4329 731 4386 trinnio
759 4337 917 4402 contemptu
969 4331 1038 4386 uenit
1052 4331 1162 4386 locusta.
1176 4329 1229 4386 Sed
1243 4329 1541 4397 baacsuscitatinnem,
1559 4326 1715 4385 instantiam
1728 4326 1771 4385 cl·

118 4416 273 4489 iniquorum
300 4419 389 4474 sancti
415 4435 607 4492 usquequaque
631 4421 821 4492 burniliantur,
845 4421 918 4479 uelut
969 4421 1081 4480 ilcicndi
1102 4423 1196 4496 operis
1210 4437 1271 4480 csse
1286 4421 1417 4479 arbitror.
1440 4419 1518 4478 liade
1535 4419 1638 4477 dicitur
1652 4420 1686 4477 ad
1700 4421 1772 4478 Pha-

119 4512 235 4582 qnadam
249 4515 458 4570 cotrcnlcattouc
470 4515 586 4586 protriti.
968 4531 1083 4574 raonem
1098 4535 1105 4572 :
1122 4513 1155 4572 ln
1169 4515 1219 4571 boe
1236 4518 1322 4587 iprum
1337 4525 1361 4570 te
1372 4514 1493 4584 carituri,
1510 4521 1537 4570 nt
1552 4513 1686 4569 cateridem
1702 4515 1730 4571 in
1747 4525 1772 4573 te

153 4604 271 4662 Dareine·
285 4605 320 4660 ad
332 4605 402 4676 pilius
415 4623 488 4675 sans,
504 4608 578 4680 quusi
594 4625 646 4663 non
662 4611 713 4665 sint
729 4611 770 4666 sni
789 4625 798 4664 .·
816 4612 918 4682 [rastro
932 4575 957 4640 D
970 4607 1091 4664 uirtutem
1106 4623 1205 4678 meunt,
1222 4616 1247 4664 et
1260 4609 1432 4665 unrruntietur
1452 4623 1545 4663 norrtett
1558 4623 1643 4664 menta
1661 4607 1690 4665 in
1711 4609 1771 4664 ani-

120 4697 259 4768 iuborccit,
275 4701 349 4756 untia
365 4701 456 4756 timore
470 4713 585 4776 repente.
601 4701 787 4762 Praesentibus
801 4704 916 4762 illiorum
970 4715 1042 4756 uersu
1057 4711 1135 4756 terre

118 4805 233 4846 suorum
251 4791 487 4861 tribulationibus,
511 4791 632 4850 Ecclesia
656 4795 723 4852 alara
737 4810 764 4853 et
782 4797 861 4868 impia
878 4797 917 4854 ri·
1007 4789 1100 4847 Gloria
1113 4793 1217 4849 rutum
1233 4794 1292 4866 ejus
1306 4801 1399 4849 terror.
1415 4793 1483 4851 Stre
1504 4796 1533 4850 ul
1553 4787 1597 4850 aiii
1621 4793 1773 4852 dixerunt:

117 4881 209 4951 detur,
225 4885 352 4956 quorrium
368 4901 423 4942 aon
439 4887 603 4960 ingemiscit,
620 4899 646 4944 et
660 4891 917 4964 plangitangastina
970 4880 1062 4942 Gloria
1082 4893 1188 4958 pertore
1208 4885 1265 4959 ejus
1286 4885 1406 4942 andario.
1424 4883 1460 4944 tn
1479 4887 1608 4943 inimicus
1629 4885 1656 4943 in
1680 4883 1771 4958 iugata

117 4975 313 5046 interitumque
325 4985 462 5035 natorum.
478 4979 507 5036 ln
523 4981 601 5052 cuias
615 4981 740 5054 liguram,
755 4994 848 5041 sancta
860 4999 918 5040 ma·
969 4987 1061 5036 vertat
1075 4977 1265 5036 aduersariam
1280 4996 1377 5050 suum,
1398 4980 1513 5038 artilitem
1529 4980 1635 5036 scilicet
1649 4975 1771 5048 Christi,

118 5077 159 5125 ter
175 5069 396 5127 liachabaeorum
413 5086 497 5143 super
521 5073 637 5130 illiorum
664 5091 775 5131 suornm
791 5075 918 5132 cruciati·
971 5073 1032 5146 ipso
1045 5077 1128 5132 ctiam
1142 5073 1265 5132 anhelitu
1282 5083 1387 5132 terret:
1404 5075 1501 5132 hicest
1515 5073 1585 5132 odor
1599 5075 1707 5140 martis,
1725 5069 1772 5130 hic

117 5161 168 5219 bus
194 5164 370 5220 exsultabat:
389 5165 499 5222 ridebat
519 5167 619 5240 qntppe
642 5167 668 5223 in
684 5168 790 5240 spirita,
808 5171 878 5226 sicut
892 5180 919 5227 et
971 5176 1015 5225 cst
1028 5166 1146 5240 spiritus
1158 5167 1323 5226 furibundus
1335 5167 1470 5224 anitelans
1485 5167 1512 5224 in
1526 5167 1648 5223 bortrinis
1661 5182 1770 5237 necem,

117 5253 162 5312 laic
176 5262 269 5313 sancia
283 5267 372 5314 mater
387 5257 511 5316 Ecclesia
533 5275 584 5331 per
608 5259 689 5317 iidem
709 5261 833 5334 quotidie
853 5277 919 5318 coa·
971 5271 1124 5320 retrorsum
1141 5263 1270 5334 respicit,
1288 5262 1442 5336 quiiternm
1458 5259 1493 5318 ad
1508 5269 1621 5334 peecata
1633 5253 1773 5318 corti-ecti-

115 5350 275 5424 templatur,
303 5361 434 5424 qttatrtanr
458 5354 572 5426 gloriam
600 5351 627 5410 in
654 5365 786 5412 aeternum
812 5357 919 5428 pariant
972 5365 1027 5426 tur,
1042 5358 1100 5415 sire
1112 5354 1334 5416 tribulationibus
1355 5357 1445 5426 cedit,
1462 5365 1492 5414 ut
1508 5357 1535 5412 ia
1551 5353 1700 5428 Evangelio
1716 5348 1771 5412 iio·

117 5456 210 5512 poenae
220 5455 380 5514 presentes,
404 5441 575 5517 prelessiooc
590 5446 712 5502 recitatis
727 5457 861 5518 acceptae.
884 5444 917 5504 lit
972 5447 1064 5505 mitras
1078 5465 1127 5522 per
1141 5447 1296 5522 parabolam
1309 5449 1447 5508 edisserit.

116 5533 181 5592 iden
194 5537 263 5608 quod
276 5537 412 5610 setpttitur,
437 5537 534 5595 irustra
555 5537 698 5605 laborarit,
722 5539 796 5596 rrrrllo
820 5539 917 5597 timore
1010 5533 1115 5598 Terram
1136 5543 1236 5618 ntrqnlu
1252 5545 1329 5618 [odit.
1345 5543 1424 5608 Sino,
1440 5549 1471 5598 ut
1493 5539 1539 5598 alii
1566 5541 1694 5599 dixerunt
1709 5556 1717 5599 a
1731 5539 1773 5613 se·

101 5643 245 5712 cogente,
259 5633 409 5690 ticctestm
426 5631 523 5706 signat,
541 5651 600 5706 qiam
615 5634 686 5690 iilius
701 5649 764 5692 suos
776 5630 808 5689 ari
829 5643 917 5693 tenta·
972 5635 1045 5692 diens
1056 5637 1082 5691 in
1093 5653 1184 5710 rumpo
1196 5637 1324 5709 iecerint,
1337 5634 1364 5696 id
1378 5650 1431 5703 cst,
1448 5632 1575 5696 carnales
1591 5637 1729 5705 homines,
1745 5645 1773 5692 ct

117 5723 236 5794 tionem,
250 5735 278 5783 et
288 5723 383 5784 sirecrrli
394 5723 475 5796 hrtjtts
487 5724 626 5785 tranlestias
641 5737 789 5801 preparat,
803 5743 917 5799 sperans
972 5737 1083 5787 terrena
1099 5729 1239 5802 sapientes
1252 5731 1405 5804 conculcat,
1418 5745 1444 5789 et
1458 5731 1587 5805 proterit,
1601 5740 1627 5788 et
1643 5747 1705 5786 cum
1722 5707 1782 5786 eos'

118 5817 216 5890 utiquc
229 5833 243 5875 a
258 5817 314 5878 beo
343 5837 391 5892 prro
420 5821 461 5875 his
488 5819 566 5877 annalis
591 5821 774 5893 temporariis,
799 5822 915 5879 bilornrn
973 5820 1179 5892 humiliaverit,
1196 5825 1304 5896 sibique
1325 5825 1492 5896 subdiderit,
1511 5825 1575 5882 iacit
1593 5839 1641 5882 eus
1658 5837 1690 5880 ca
1706 5839 1771 5879 citra·
