4000 6334
218 381 273 441 διδ

846 378 877 435 s
897 359 1034 436 resson
1052 375 1247 436 urruournr

1817 359 1870 443 aar

217 513 280 554 csso
300 512 361 568 quae
375 493 480 568 srripla
501 507 574 554 suut.
587 472 671 551 hiscit
686 503 776 550 autem
795 493 830 561 is,
845 493 891 564 qui
912 472 943 548 aa
957 490 1019 565 qiue
1033 477 1057 552 Α
1071 490 1205 548 ludaistui
1220 493 1369 548 acerrimus
1383 493 1555 562 defensator,
1571 495 1605 555 ad
1619 493 1721 554 Christi
1738 498 1817 554 iidem
1831 516 1874 557 ιο·

219 591 246 647 ιιι
263 591 312 645 illo
325 606 375 662 per
388 592 532 663 aenigmata
548 599 577 645 et
589 589 732 661 parabolas
749 586 865 658 ngorata
879 596 953 652 sont,
969 602 1017 641 ex·

218 683 328 754 planata
353 693 380 739 et
401 683 517 739 disserta
539 683 704 752 cognoscit:
723 688 779 736 ⁸et
798 681 947 752 cognoscit,
964 694 1018 734 uon

219 775 329 833 bomine
343 779 483 833 reuelante
505 776 552 832 sed
569 777 692 839 Christo,
708 777 753 848 qui
772 774 907 831 revelarit
922 775 1020 837 Paulo,

217 869 297 927 laur
324 887 372 942 per
394 871 521 936 Paulum,
539 871 564 926 in
588 888 643 944 quo
664 871 786 940 loquitur
801 869 938 925 Christus.
953 868 1023 924 l'er·

219 964 282 1021 bum
299 980 410 1037 quoque
423 965 510 1036 ipsum
525 965 723 1038 ἀποκαλύψεως,
737 962 829 1030 idest,
844 961 1018 1031 raetattouts,

222 1060 332 1129 proprie
346 1059 551 1130 scripturarum
573 1069 626 1120 est.
641 1069 668 1114 et
682 1077 696 1113 a
713 1058 788 1134 nullo
802 1055 956 1125 sapientum
969 1071 1022 1110 sae·

222 1151 277 1206 ruli
299 1151 372 1220 apud
394 1151 506 1208 Crmeos
529 1159 699 1222 usurpatum.
719 1149 798 1207 Unde
815 1149 881 1204 tuibi
896 1148 1021 1204 uidentur

220 1237 454 1316 quemadmodum
477 1240 503 1296 in
530 1242 590 1297 aliis
612 1243 713 1309 verbis,
727 1256 788 1314 quae
804 1241 838 1297 de
858 1240 974 1297 liebrro
993 1239 1020 1295 iu

219 1339 346 1396 Graectttn
370 1337 550 1410 Septuaginta
574 1319 740 1408 irtlcrpreles
764 1337 1021 1402 transtuleruttl,ila

218 1443 246 1490 et
260 1433 287 1491 ta
301 1431 355 1487 hoe
369 1447 537 1503 magnopere
550 1445 613 1487 esse
627 1441 751 1497 conatos,
767 1438 796 1485 ιιι
817 1429 1016 1500 proprietatem

220 1525 357 1598 peregrini
378 1524 515 1579 sermonis
530 1523 732 1594 exprimerent,
749 1537 818 1577 nora
844 1521 924 1576 noris
939 1522 1022 1577 rebus

219 1616 303 1671 rerba
319 1615 452 1688 dirigentes
468 1622 514 1670 :et
535 1630 649 1683 souare,
664 1630 725 1669 curu
740 1613 804 1685 quid
816 1621 917 1668 tectum
935 1628 961 1667 er
977 1630 1022 1668 re·

220 1707 317 1770 latram,
343 1706 434 1762 ablato
459 1705 579 1774 desuper
602 1709 786 1777 operimento,
813 1705 966 1760 ostenditur
994 1715 1022 1760 et

223 1802 360 1878 profertur
371 1802 398 1858 in
412 1803 512 1858 lucem.
531 1800 588 1857 lloc
607 1811 636 1856 nt
648 1801 816 1856 rnaniiestius
833 1801 889 1863 liat,
905 1799 1022 1869 accipite

1072 594 1154 657 pente
1170 602 1321 643 conversus
1337 589 1382 642 sit.
1395 589 1429 644 Et
1444 588 1497 646 boc
1510 603 1544 646 eo
1564 599 1687 660 tempore
1708 607 1763 662 quo
1780 594 1872 648 crnci-

1073 680 1143 734 drus
1158 682 1273 750 priruum
1286 680 1498 738 annuntiabatur
1513 683 1539 738 in
1563 683 1679 750 mundo;
1693 700 1746 756 quo
1766 701 1870 742 norum

1072 773 1169 844 dogma
1181 784 1209 828 et
1223 791 1238 830 a
1259 776 1387 845 gentibus
1402 787 1428 832 et
1444 792 1458 830 a
1472 776 1574 833 ludaeis
1590 779 1675 834 tutius
1685 779 1760 834 orbis
1774 779 1874 835 dathus

1074 868 1234 936 pellebatur.
1250 869 1345 927 Dicere
1354 871 1427 926 euim
1440 881 1586 942 poterant:
1598 871 1626 928 Si
1639 872 1687 928 ille
1698 872 1745 942 qui
1759 890 1773 926 a
1790 874 1871 944 parra

1072 969 1152 1018 atate
1179 962 1379 1020 Pharisaeorum
1404 965 1546 1022 institutus
1566 976 1608 1022 est
1635 965 1806 1036 disciplinis,
1829 967 1873 1038 qui

1072 1070 1167 1112 omues
1180 1067 1335 1114 coaetaneos
1349 1073 1415 1114 suos
1431 1060 1457 1114 in
1470 1057 1586 1115 ludaira
1599 1057 1748 1114 traditione
1758 1071 1873 1129 supera·

1074 1149 1130 1217 bat,
1146 1167 1218 1208 nune
1231 1151 1354 1208 defendit
1376 1153 1540 1220 Ecclesiam,
1555 1169 1636 1224 quam
1652 1154 1792 1225 quondam
1809 1154 1875 1210 rali-

1073 1242 1188 1300 dissime
1204 1247 1436 1317 persequebatum
1451 1255 1480 1303 et
1495 1247 1580 1318 tnagis
1597 1246 1699 1304 Christi
1719 1243 1836 1318 qratiam
1848 1255 1876 1304 et

1074 1337 1223 1394 novitatem
1240 1340 1299 1394 uult
1317 1339 1420 1396 babere
1436 1356 1498 1396 cum
1517 1340 1619 1396 inuidia
1641 1341 1776 1409 omnium,
1793 1355 1875 1414 quam

1074 1439 1240 1498 uetustatem
1255 1431 1335 1504 Legis
1350 1449 1412 1488 euru
1425 1434 1505 1490 laude
1515 1436 1663 1490 multorum
1674 1453 1681 1490 ι
1693 1435 1760 1505 qnid
1777 1451 1828 1491 nes
1838 1434 1876 1491 la·

1074 1542 1137 1582 ecre
1153 1535 1274 1599 oportet,
1287 1527 1334 1598 qui
1349 1543 1382 1584 ert
1397 1529 1549 1599 gentilitate
1564 1545 1627 1586 esse
1637 1529 1771 1606 ecepimus
1782 1529 1875 1586 Chris-

1075 1617 1158 1674 tiani?
1175 1619 1290 1674 Pulchre
1304 1637 1369 1676 reru
1382 1621 1528 1692 arljrundt:
1545 1621 1636 1691 Supra
1660 1623 1768 1678 enodem
1787 1637 1877 1693 perse-

1074 1711 1169 1780 quabar
1185 1711 1330 1768 Ecclesiam
1346 1712 1405 1781 brt,
1423 1719 1454 1768 ut
1468 1723 1494 1768 ct
1514 1712 1578 1768 binc
1598 1729 1708 1787 quoque
1729 1713 1876 1772 admiralio

1075 1815 1246 1872 nasceretur,
1259 1807 1331 1878 quod
1343 1823 1398 1862 non
1414 1817 1426 1845 ⁰
1443 1807 1630 1879 uttrrsqtrisque
1641 1807 1678 1866 de
1691 1807 1735 1864 bis
1747 1810 1796 1880 qui
1811 1809 1876 1866 leri-

221 1896 389 1966 exemplum.
404 1895 513 1967 lloyses
528 1911 589 1950 eum
601 1894 658 1948 beo
670 1893 789 1948 revelata
805 1902 832 1948 et
843 1903 937 1962 aperta
952 1892 1021 1947 breio
1039 1887 1061 1946 B
1076 1908 1117 1953 ter
1129 1901 1364 1971 persequebantur
1382 1899 1533 1958 Ecclesiam
1549 1919 1555 1955 ι
1572 1901 1621 1958 sed
1635 1901 1681 1957 ille
1696 1903 1743 1973 qui
1756 1911 1877 1961 eaeteros

223 1974 386 2063 loquebatur
410 1989 509 2064 (and.
537 2005 635 2052 sarni,
664 1987 769 2058 artri),
789 1986 816 2042 id
846 1995 900 2054 cst,
921 1989 1022 2056 absque

223 2085 363 2141 velamine
378 2085 430 2138 :ad
446 2082 576 2155 populum
594 2093 684 2138 atatem
703 2082 830 2152 loquens,
846 2080 909 2151 quia
923 2080 949 2134 iu
964 2078 1024 2134 uul-

225 2191 281 2234 tum
298 2179 358 2248 ejus
372 2177 516 2232 attendere
537 2191 590 2230 non
608 2175 746 2241 valebant,
759 2174 882 2228 velamen
904 2173 1024 2242 ponebat

225 2266 252 2326 iu
270 2268 338 2324 iacie
353 2267 450 2343 (Noui.
463 2271 511 2340 ιι).
529 2269 599 2323 dnte
618 2267 717 2323 decant
736 2281 844 2337 quoque
856 2263 1024 2320 Testamenti

225 2355 288 2419 relr't
301 2382 316 2414 ιι
336 2377 486 2434 oppansum
501 2369 560 2416 erat
575 2358 740 2429 :quodcum
754 2359 852 2413 luisset
867 2357 1022 2424 reductum,

225 2471 257 2512 ea
270 2473 329 2526 qtae
344 2464 408 2510 aule
425 2454 585 2509 abscondita
601 2452 720 2520 fueraut,
733 2451 939 2523 prodebantur:
954 2461 980 2506 et
995 2459 1025 2506 nl

228 2536 287 2620 ipso
303 2549 388 2604 rerbo
408 2558 485 2614 utar,
501 2546 694 2602 revelabantur.
710 2545 738 2603 si
762 2546 853 2616 itaque
868 2545 897 2600 bi
912 2544 958 2616 qui
982 2544 1024 2600 di·

226 2654 317 2698 ser-tes
330 2641 421 2697 seculi
445 2626 538 2714 ieqere
560 2639 925 2710 eousneuenrnt,·eoeperiut
944 2638 1026 2694 uobis

226 2735 261 2792 de
282 2735 403 2792 novitate
423 2744 450 2790 ct
470 2733 576 2790 vilitate
591 2733 726 2790 sermonis
745 2731 871 2801 illudere,
886 2732 1025 2786 mittamus

227 2847 275 2887 eos
289 2830 324 2886 ad
343 2828 486 2886 Ciceronis
505 2829 600 2894 libros,
616 2827 662 2899 qui
676 2827 712 2883 de
726 2826 922 2897 quaestiouibus
938 2825 1025 2896 pbilo-

226 2927 331 2996 sophiae
349 2933 553 2995 praenotantur:
568 2933 595 2979 et
616 2923 739 3006 rideant,
752 2930 852 2992 quanta
873 2922 909 2977 ibi
932 2936 1027 2978 neces-

226 3019 308 3096 silete
322 3016 481 3088 compulsus
497 3017 541 3082 sit,
558 3024 632 3072 tauta
647 3016 793 3071 uerborum
814 3021 940 3085 portenta
959 3030 1025 3085 pre-

228 3114 313 3179 ferre,
327 3129 388 3184 quae
404 3126 554 3182 numquam
569 3109 661 3166 Latini
678 3109 798 3164 hominis
811 3109 887 3165 auris
900 3108 1024 3165 audivit:

227 3220 254 3285 et
266 3208 317 3263 boe
329 3223 389 3263 curu
404 3206 439 3262 de
452 3205 559 3273 Graeco,
573 3222 633 3276 quae
653 3204 743 3275 linqua
765 3205 855 3260 uicina
871 3212 923 3272 est,
937 3215 1025 3259 traus-

1074 1993 1102 2048 in
1117 1994 1308 2064 perseeutione
1322 1994 1459 2062 vincebat,
1472 2010 1624 2052 conversus
1634 1995 1668 2052 ad
1686 1995 1770 2064 iidem
1785 1997 1832 2053 sit.
1845 1998 1878 2052 El

1076 2087 1301 2158 prudenterdum
1315 2089 1388 2144 alind
1401 2098 1507 2157 narrat,
1525 2089 1667 2148 interserit
1686 2105 1741 2147 non
1755 2100 1813 2148 tam
1828 2091 1878 2148 uei

1074 2195 1105 2236 se
1125 2179 1242 2237 servisse
1255 2179 1332 2252 Lepi,
1350 2197 1430 2252 quam
1446 2183 1583 2254 paternis,
1600 2182 1627 2238 id
1649 2189 1704 2251 cst,
1716 2179 1877 2240 Pharisaeo-

1076 2289 1135 2328 rum
1149 2273 1358 2342 trarlitiouibus3
1380 2275 1425 2346 qui
1442 2274 1543 2332 docem
1553 2275 1694 2333 doctrinas
1708 2285 1737 2334 er
1748 2277 1878 2334 mandata

1076 2365 1217 2422 homiuum
1229 2351 1338 2440 (ιιιιιιι.
1351 2384 1402 2434 ιιι;
1418 2368 1503 2423 llere.
1519 2366 1584 2442 rn);
1596 2380 1625 2425 et
1637 2369 1767 2441 rejiciunt
1778 2369 1877 2443 Legem

1075 2459 1135 2530 Ilei,
1152 2470 1183 2514 ut
1196 2469 1319 2516 statuant
1339 2461 1422 2534 389
1437 2461 1600 2518 traditiones
1620 2476 1697 2518 suaa.
1712 2462 1801 2531 Quam
1820 2463 1880 2535 pel·

1076 2551 1141 2608 clara
1163 2562 1256 2608 autem
1276 2552 1432 2609 obseruatio
1453 2553 1615 2626 pondusque
1637 2554 1787 2612 verborum
1806 2555 1880 2613 :da-

1077 2645 1149 2714 ditis,
1161 2647 1260 2718 inquit,
1272 2648 1493 2704 conversationem
1519 2665 1603 2704 ιιιιιιιιιι
1623 2648 1769 2722 aliquando
1789 2653 1818 2704 in
1830 2649 1879 2706 Ja-

1077 2739 1188 2806 daiamo,
1209 2741 1465 2808 conversationem,
1482 2755 1535 2798 nou
1559 2743 1677 2814 qratiam
1695 2761 1703 2798 ι
1723 2743 1877 2814 aliquando,

1078 2845 1133 2886 nou
1148 2829 1231 2887 modo
1244 2849 1251 2886 ι
1264 2831 1292 2886 ιιι
1306 2830 1458 2901 ludaismo,
1475 2848 1528 2888 nou
1549 2835 1577 2890 iu
1596 2835 1655 2905 lege
1668 2834 1730 2892 Dei.
1747 2835 1878 2904 erem'aru

1077 2942 1158 2997 supra
1173 2927 1278 2981 aradum
1292 2927 1463 2998 persequebar
1472 2926 1619 2983 Ecclesiam
1638 2927 1747 2994 diciret
1761 2929 1877 2984 det-esta·

1079 3017 1137 3072 barn
1160 3018 1243 3074 illam.
1258 3019 1317 3074 Nou
1341 3021 1556 3090 persequebatur
1569 3029 1599 3074 ut
1612 3020 1716 3088 carten,
1731 3020 1782 3076 sed
1797 3035 1879 3094 supra

1078 3109 1201 3168 modurn.
1217 3111 1273 3168 Nee
1299 3111 1452 3168 sufficiebat
1472 3112 1595 3183 quamuis
1616 3113 1764 3170 uehemens
1784 3129 1879 3185 perse·

1078 3207 1152 3262 cutio
1166 3206 1230 3262 :sed
1242 3208 1318 3278 quasi
1329 3206 1440 3278 quidam
1454 3219 1595 3279 grassator
1607 3208 1758 3265 Ecclesiam
1771 3217 1803 3264 et
1812 3223 1880 3280 prm·

227 3303 310 3359 ferret
328 3303 354 3356 iu
375 3311 507 3356 nostram.
521 3299 592 3366 Quid
614 3299 753 3369 patiuntur
775 3298 831 3364 illi,
848 3297 896 3369 qui
916 3297 951 3352 de
974 3276 1062 3353 lle·C
1079 3298 1114 3354 do
1127 3299 1262 3355 uastabat.
1283 3298 1338 3356 Nec
1352 3299 1402 3368 ait,
1418 3297 1564 3356 Ecclesiam
1578 3299 1687 3366 Christi,
1701 3310 1732 3356 ιιι
1744 3309 1812 3358 tune
1827 3317 1877 3372 pu·

226 3395 309 3452 breis
323 3393 528 3449 dillicultatibus
551 3391 733 3462 proprietates
749 3391 904 3460 exprimere
925 3404 1027 3444 conan-

227 3489 288 3545 tur‘l
301 3500 329 3544 et
344 3499 434 3543 tamen
451 3487 537 3541 multo
553 3487 683 3558 pauciora
694 3495 758 3540 suut
771 3485 798 3539 iu
816 3485 899 3538 tantis
909 3484 1027 3539 uolumi-

226 3583 307 3639 nibus
322 3583 524 3652 Scripturarunr
540 3597 600 3651 qum
610 3580 757 3636 rtoritatent
772 3589 883 3644 sonent,
897 3594 978 3650 quant
993 3592 1025 3633 ea

226 3693 288 3759 qum
310 3677 358 3733 ille
379 3677 405 3731 io
425 3692 511 3747 perro
535 3691 619 3742 opere
641 3675 788 3744 congessit.
812 3674 907 3730 Potest
920 3684 1022 3740 runem,

226 3772 310 3849 888
323 3772 392 3826 sicut
405 3773 430 3825 iu
447 3769 581 3840 principio
593 3768 797 3834 diximus,cum
813 3781 1023 3838 exponeremus:

228 3865 331 3922 Paulus
344 3865 478 3937 apostolus
493 3880 546 3918 uon
566 3861 770 3928 abdominibus,
786 3877 866 3931 neque
881 3877 926 3930 per
942 3862 1025 3916 laomi-

226 3979 285 4017 nem
299 3981 309 4018 :
322 3962 360 4017 ita
376 3971 403 4017 et
417 3959 443 4014 in
460 3957 588 4030 prasenti
607 3957 668 4012 loeo
681 3956 792 4028 oblique
808 3955 835 4010 in
851 3955 959 4011 Petrum
975 3969 1023 4010 ac·

224 4058 330 4132 ciphel
348 4057 375 4110 iu
394 4063 511 4110 caeteros
530 4065 714 4123 praecessorcs
729 4050 790 4122 ejus
806 4069 812 4104 :
827 4050 899 4121 qnod
922 4050 1023 4106 nullius

225 4164 275 4221 pro
293 4146 365 4217 hege
375 4157 402 4202 et
415 4145 581 4202 auctoritare
597 4154 749 4209 mercatur,
763 4143 808 4214 qui
822 4143 961 4198 Cluisturn
974 4157 1021 4198 so·

225 4243 280 4297 lum
296 4239 435 4313 Evangelii
451 4238 579 4294 haumar
600 4245 809 4309 praeceptorem.
830 4236 927 4306 Porro,
943 4253 1022 4294 reuc-

223 4332 353 4389 latiouem
367 4332 442 4387 illam
457 4328 605 4400 signidem,
617 4344 679 4384 eum
692 4329 851 4384 Damascum
863 4331 975 4398 radens,
994 4331 1021 4384 iu

223 4428 322 4483 itinere
346 4424 447 4481 Christi
472 4439 568 4480 rocem
593 4422 695 4478 meruit
714 4423 810 4478 audire
829 4439 836 4479 s
858 4436 885 4479 et
912 4427 1020 4479 caecatis

222 4520 320 4587 oeulis,
336 4533 431 4574 rerum
452 4517 545 4571 muudi
561 4516 651 4571 lumen
667 4514 780 4570 intuitus
792 4527 846 4572 est.

257 4611 350 4684 (Vere.
367 4607 424 4681 lh.)
440 4608 556 4663 datdiatis
566 4608 635 4662 enim
646 4608 868 4663 cortreraatiouem
879 4610 1020 4665 meaurali-

1078 3390 1152 3446 tabat
1164 3388 1226 3464 [nt.
1248 3390 1435 3464 putabatur]:
1451 3407 1532 3464 quem
1557 3391 1676 3449 ducebat
1694 3394 1876 3465 contemptui,

1078 3501 1158 3556 quern
1173 3487 1389 3558 persequebatur
1407 3504 1413 3540 ι
1434 3485 1483 3542 sed
1499 3495 1528 3542 ut
1541 3486 1721 3555 nunccredit,
1732 3487 1879 3543 Ecclesiam

1077 3576 1128 3633 Ilei
1145 3581 1208 3634 :rel
1224 3577 1312 3648 ipsum
1328 3578 1466 3636 Christum
1482 3579 1567 3636 licum
1580 3595 1641 3637 esse
1655 3579 1877 3652 signiacensrot

1076 3672 1199 3744 ejrrsdcm
1220 3673 1269 3728 bei
1289 3687 1351 3730 esse
1374 3673 1540 3742 Ecclesiam,
1560 3674 1607 3746 qui
1628 3674 1768 3745 quondam
1796 3675 1877 3745 Legis

1076 3765 1156 3822 datur
1168 3766 1229 3821 luit.
1243 3763 1276 3820 Et
1289 3766 1467 3837 proficiebant,
1484 3767 1584 3838 iuquit,
1598 3768 1626 3822 in
1639 3765 1782 3823 Iudaismo
1796 3783 1877 3838 supra

1075 3860 1172 3914 multos
1187 3867 1331 3915 coaetaneae
1343 3864 1370 3914 iu
1383 3877 1540 3932 peueremeo
1555 3861 1753 3917 :adtendautias
1767 3863 1877 3918 emula·

1075 3966 1115 4011 tor
1128 3955 1243 4010 earisteus
1255 3965 1422 4026 paternarum
1434 3972 1551 4011 tricarum
1560 3954 1743 4011 traditionum.
1754 3953 1875 4011 Rursum

1075 4047 1227 4120 proiectum
1248 4061 1301 4103 ιιοιι
1317 4047 1398 4118 Legis
1414 4047 1475 4112 bet,
1490 4047 1538 4102 sed
1561 4047 1696 4104 Jutlaismi
1712 4058 1805 4104 vocat.
1821 4047 1876 4104 Nee

1074 4154 1155 4207 supra
1175 4153 1282 4206 omues,
1294 4139 1344 4194 scd
1359 4153 1442 4209 supra
1463 4139 1604 4210 plurimos,
1618 4155 1670 4197 uec
1685 4155 1766 4211 supra
1783 4155 1874 4210 senes,

1074 4232 1122 4288 sed
1142 4247 1225 4302 supra
1241 4241 1407 4300 coaetaneos,
1424 4241 1455 4288 ut
1474 4243 1500 4288 et
1521 4233 1641 4287 studium
1663 4247 1743 4289 auum
1759 4231 1877 4290 referret

1073 4324 1100 4380 iu
1114 4325 1196 4396 Lege,
1211 4332 1239 4379 et
1257 4325 1418 4395 jactantiam
1439 4325 1601 4382 declinaret.
1629 4324 1762 4382 Paternas
1782 4337 1885 4382 autem.

1074 4421 1245 4490 traditiones,
1261 4437 1314 4477 nou
1330 4421 1435 4476 bmniui
1451 4420 1580 4477 mundata
1594 4435 1828 4480 commemorans,
1847 4429 1874 4475 et

1072 4532 1103 4574 se
1121 4517 1288 4572 Pharismuur
1312 4531 1346 4573 err
1366 4515 1513 4572 Pitarismis
1536 4513 1683 4583 iudicarit,
1701 4523 1730 4571 et
1744 4513 1874 4572 habuisse

1071 4609 1181 4682 quidem
1203 4610 1290 4664 zelum
1311 4607 1373 4676 liei,
1394 4609 1444 4665 sed
1465 4623 1518 4665 uon
1540 4606 1692 4664 secundum
1714 4607 1871 4664 seientimu.

221 4701 327 4778 qaando
336 4705 364 4757 ιιι
378 4701 664 4773 ιιιιιιιιιιιιοιιιιιοιιιιιιιι
676 4703 871 4772 supramodum
883 4720 1017 4775 perseque-
1035 4668 1058 4727 ⁰
1071 4702 1164 4774 Usque
1177 4701 1260 4760 bodie
1275 4710 1366 4757 auteur
1380 4702 1428 4774 qui
1439 4699 1554 4758 ludaico
1567 4717 1654 4757 seusu
1662 4700 1821 4771 Scripturas
1833 4701 1873 4754 in·

219 4792 492 4859 harEecleriamDei3
502 4794 1016 4869 eraapuprtolamillam:etproficiebam
1072 4798 1207 4870 relliqunt,
1224 4805 1428 4868 persequuntur
1446 4795 1598 4852 Ecclesiam
1609 4795 1720 4861 Christi,
1736 4803 1765 4851 et
1780 4809 1872 4865 popu·

217 4895 245 4949 in
256 4889 594 4959 lrrdaiemo,aapramultos
609 4886 773 4944 ιοιιιιιιιιιιιιἀ
787 4890 815 4943 ιιι
829 4907 921 4963 peracre
933 4909 989 4947 area
1006 4909 1016 4948 :
1071 4891 1160 4946 lantur
1170 4890 1256 4958 illam,
1272 4903 1326 4944 non
1341 4888 1432 4946 studio
1446 4888 1529 4959 Legis
1550 4887 1665 4956 llei,sed
1681 4885 1872 4944 traditionibus

217 4983 395 5042 abuudantius
416 4984 552 5036 mrrtalator
571 4981 684 5036 existens
704 4992 872 5053 paternarum
898 5000 1015 5040 amaram
1070 4983 1212 5040 lrorninunt
1229 4981 1381 5052 depravati.

215 5078 397 5134 traditionum.
413 5072 561 5128 Plurimum
576 5073 688 5144 prodest
698 5073 799 5130 Calatis
812 5075 862 5129 ista
883 5080 1013 5146 narratio,
1106 5076 1197 5150 (Vers.
1210 5073 1268 5147 lb.)
1284 5074 1349 5130 Cum
1360 5084 1448 5130 eutem
1460 5073 1560 5148 placuit
1573 5073 1597 5129 ei
1615 5075 1659 5146 qui
1672 5089 1712 5128 me
1727 5072 1870 5145 seqraparil

216 5169 355 5244 quomodo
380 5166 499 5234 Paulus,
523 5177 645 5222 vastator
666 5166 804 5237 quoudatn
837 5167 965 5225 Ecclesiae
985 5181 1014 5226 et
1068 5173 1101 5228 da
1115 5179 1187 5225 ulem
1203 5171 1294 5225 aratris
1306 5185 1386 5225 ntem:
1401 5179 1425 5225 et
1440 5171 1538 5227 locauit
1554 5185 1599 5242 per
1611 5169 1726 5241 proriam
1738 5181 1828 5240 snum,
1843 5175 1869 5222 ιιι

250 5356 413 5421 *Alterum
427 5360 451 5407 et
466 5350 609 5424 capnoacit,
623 5349 678 5406 duo
695 5365 712 5405 e
729 5349 832 5404 uostris
851 5363 918 5406 mss.
934 5349 1011 5420 ique
1063 5367 1113 5406 aas
1128 5347 1242 5422 Martpr,
1257 5348 1560 5418 strassenrauber,
1577 5364 1640 5408 eam
1655 5347 1768 5406 loannis
1785 5363 1867 5404 rere-

215 5431 289 5489 ranl.
1064 5421 1210 5486 lationem,
1234 5421 1291 5478 sire
1315 5423 1490 5493 scriptionem
1516 5425 1551 5477 ita
1577 5421 1678 5476 laudati
1706 5419 1800 5475 Patres
1834 5424 1868 5476 de

248 5501 262 5542 l
277 5499 377 5568 Verba,
391 5505 437 5552 aut
451 5512 496 5566 par
508 5493 631 5555 Paulam,
647 5491 762 5549 cisterc.
776 5505 828 5546 ms.
845 5493 941 5548 nescit.
955 5492 1012 5550 Cre-
1064 5493 1176 5550 nomine
1189 5493 1366 5566 Apocalypsin
1376 5495 1558 5566 appellarunt.
1572 5492 1676 5549 Recole
1686 5508 1747 5564 quae
1766 5491 1806 5547 ilri
1818 5508 1867 5547 an-

212 5584 302 5632 terum
316 5571 388 5641 quod
403 5572 441 5624 ait
459 5568 487 5625 S.
511 5567 603 5631 Pater,
616 5565 721 5620 verbam
735 5564 928 5637 ἀποκαλύψεως
951 5584 1012 5635 pro·
1064 5577 1203 5623 notamus.

212 5649 267 5718 prie
280 5645 476 5715 scripturarum
489 5653 561 5701 ease,
582 5647 606 5692 et
624 5653 641 5689 a
656 5636 729 5691 utillo
750 5639 895 5708 sapientum
921 5639 1012 5692 sectili
1102 5647 1113 5676 0
1131 5635 1208 5692 Urius
1220 5637 1318 5700 Palat„
1335 5635 1427 5693 haheat
1440 5652 1633 5708 praecessorem.

210 5719 283 5788 apad
295 5713 399 5770 Graecae
415 5718 583 5779 usurpatam,
597 5708 718 5778 perbelle
739 5708 772 5762 iis
787 5717 933 5774 consonat,
949 5723 1012 5780 quae
1101 5706 1115 5745 ἃ
1131 5707 1273 5773 Voculam,
1285 5725 1365 5773 meos,
1379 5725 1459 5781 quam
1477 5709 1520 5765 hic
1537 5718 1618 5779 atque
1634 5705 1705 5762 inira
1719 5705 1782 5764 editi
1802 5705 1865 5763 libri

211 5788 290 5846 nobis
304 5794 398 5842 notata
414 5791 479 5839 sunt
497 5781 531 5836 ad
546 5780 640 5836 Catalo
661 5782 668 5833 i
682 5793 744 5850 cap.
756 5779 784 5846 9,
798 5779 842 5833 ubi
857 5779 893 5835 de
903 5778 1012 5836 loanne
1064 5780 1278 5848 interserebant,
1291 5795 1358 5835 mss.
1371 5790 1529 5836 nostrorum
1546 5779 1708 5836 auctoritate
1728 5781 1864 5850 expunxi·

211 5860 294 5919 tradit
308 5859 491 5930 llierouymus
506 5867 568 5909 eum
590 5852 619 5907 ia
633 5795 760 5906 datam
777 5850 890 5905 iruelaur
911 5853 1013 5926 releqa-
1065 5865 1138 5918 mus,
1154 5850 1226 5923 quod
1239 5860 1292 5908 eta
1311 5851 1408 5908 Graeco
1420 5851 1571 5924 exemplari
1585 5849 1667 5908 absit.

212 5943 269 5994 ιιιιιι
284 5927 420 5988 ιιιιιιιιιιι
434 5923 625 6000 aparatpprta,
644 5939 723 5998 quum
734 5923 920 5998 iuterpretatur
932 5921 1014 5981 larti-
1105 5934 1117 5964 ⁶
1132 5923 1190 5982 lluo
1203 5938 1282 5996 mss,
1295 5939 1348 5982 nou
1362 5941 1429 5981 uuas
1441 5925 1595 5998 quicumque
1604 5923 1637 5980 de
1652 5921 1704 5994 itit,
1719 5929 1773 5984 etc·

1495 6159 1516 6208 ,N

1517 6209 1531 6238 X
