4000 6334
114 328 177 387 tas
583 326 796 389 euertuntur
816 329 850 387 ts
870 328 1035 391 rssttms.
1056 330 1179 393 estun.
1200 332 1267 393 ert.
1680 316 1749 401 rttt
1858 401 1864 410 ,

141 447 243 503 tionum
259 446 306 505 liei
322 444 365 518 lut
385 444 413 502 ia
427 444 557 517 prasemi
570 446 607 502 sit
631 465 637 501 :
654 446 715 519 quis
730 447 851 518 sapiens.
874 456 902 504 et
914 448 940 511 Α
954 459 1047 507 ιιιιιι
1065 450 1156 509 ιιιιιι
1172 469 1179 508 :
1201 452 1341 525 quomodo
1356 466 1428 510 nttnc
1441 453 1549 524 dieitur,
1565 453 1587 509 d
1609 457 1672 514 satir
1691 466 1751 514 ortu

140 518 900 662 ffifssd¹gssr¹ffi⁰e3&⁰¹225¹¹¹a¹r⁰¹¹jbggdm¹e⁸t⁰fss⁰pfudl¹53an
952 552 976 600 et
986 562 1092 613 measa,
1106 556 1130 602 et
1140 548 1172 603 ab
1183 546 1305 619 aquilone
1316 547 1330 604 i
1342 547 1442 605 Auster
1454 560 1481 606 et
1494 558 1574 606 uutus
1589 551 1686 609 tacitus
1696 560 1749 610 est.

140 660 296 719 iudeorum
317 671 344 719 et
368 663 540 719 uocationem
559 662 680 735 gentium
696 662 901 721 evidentissime
952 636 1116 696 ⁸⁸⁰¹⁵⁸⁰m⁸
1135 649 1161 697 θ’
1180 658 1283 697 mm·
1299 640 1398 710 A¹¹¹⁰¹¹r
1414 641 1566 701 ²⁰¹0¹¹d3⁰⁰
1581 644 1668 709 V⁰¹¹³⁵=
1687 646 1751 717 (111ῑὲ

142 734 247 805 pandit.
952 734 1031 791 multi
1045 734 1156 791 uenient
1168 735 1203 791 ab
1218 735 1324 793 oriente
1338 745 1366 795 et
1382 736 1534 807 occidente,
1548 748 1578 795 et
1592 740 1751 800 recumbent

140 824 309 897 torpuerant
332 825 442 884 llomiao
465 828 588 899 ιιιιιιιι
610 828 702 895 ιιιιι,
727 829 850 901 quoniam
872 828 900 885 ia
951 826 978 883 in
992 826 1055 885 sinu
1069 828 1257 887 Abrabaezltlli
1272 840 1363 887 autent
1377 834 1564 905 perterationis
1579 833 1659 906 ltttjus
1673 836 1753 908 longe

106 923 227 977 sertulam
241 922 502 993 misericordiosius.
524 921 589 979 ideo
607 922 775 980 confitemini
789 924 815 981 ei
839 938 901 997 pec·
951 929 1032 977 erunt
1047 920 1164 995 (dotti.
1177 938 1224 980 rra
1235 926 1256 989 ).
1283 924 1304 979 d
1322 924 1386 981 solis
1408 934 1467 981 artu
1479 936 1504 982 et
1521 944 1615 985 occasu
1632 930 1750 1002 :ntique

106 1024 163 1073 cata
178 1025 269 1073 restra
286 1032 294 1072 ι
309 1016 371 1087 auia
387 1015 476 1073 bertus
498 1027 540 1073 est
562 1022 591 1073 et
609 1025 717 1088 peecata
733 1016 855 1072 dimittit.
871 1015 899 1073 Si
952 1013 1120 1087 atterugean.
1137 1016 1216 1074 Etab
1228 1017 1367 1089 aquilone,
1393 1018 1494 1092 Aquilo
1507 1019 1672 1079 durissimus
1685 1037 1750 1080 ren-

105 1118 195 1165 autem
208 1109 295 1166 bonus
308 1124 364 1166 nort
378 1117 462 1179 ιιιιι,
484 1124 539 1167 non
553 1109 632 1167 rabis
653 1109 775 1179 diceret,
790 1110 900 1182 crapite-
952 1117 995 1165 tus
1009 1116 1071 1167 est:
1088 1111 1198 1169 nuntiae
1211 1120 1301 1169 autem
1315 1112 1414 1170 dexter
1423 1124 1544 1170 roratur.
1556 1116 1599 1171 ab
1609 1116 1749 1187 aquilone,

105 1206 167 1260 mini
176 1222 186 1273 ,·
196 1212 234 1277 et,
246 1206 407 1277 rotrfitemini
420 1206 467 1261 ei:
485 1206 610 1278 quoniam
622 1206 649 1261 in
663 1205 786 1263 tumturn
797 1204 899 1263 miseri·
950 1204 1050 1278 inquit,
1066 1206 1245 1265 exardescent
1258 1208 1330 1266 mala
1351 1224 1434 1281 snper
1456 1216 1556 1267 terram
1571 1211 1583 1282 (
1592 1208 1690 1266 ierem.
1707 1212 1749 1283 tl.

103 1300 191 1356 cordia
205 1302 274 1373 ejus.
299 1300 350 1358 liic
370 1308 413 1358 est
433 1300 618 1358 misericordia
639 1318 646 1356 ι
667 1310 796 1359 caeterum
818 1316 899 1374 supra
951 1300 1026 1357 llrtre
1043 1301 1143 1371 legitur
1158 1302 1185 1357 in
1207 1302 1344 1372 ilumeris,
1370 1312 1399 1360 et
1417 1303 1566 1373 indrede,
1588 1315 1616 1361 et
1633 1304 1659 1361 iu
1675 1304 1750 1363 omtii

102 1393 205 1464 justitia
218 1402 271 1451 est.
298 1394 428 1464 Quoniam
450 1396 476 1451 in
497 1396 621 1453 seculum
636 1396 815 1453 misericordia
830 1400 897 1472 ejttr.
951 1395 1091 1467 Scriptura
1115 1405 1218 1462 saneta,
1243 1406 1271 1454 et
1292 1398 1457 1471 ubicumque
1479 1413 1555 1455 mare
1574 1398 1684 1467 auditis,
1707 1413 1752 1456 se·

104 1487 237 1559 Quamdiu
255 1492 322 1547 estis
335 1491 362 1545 in
376 1490 488 1561 seculo,
503 1490 682 1548 condremiui.
951 1490 1070 1548 eundum
1085 1489 1194 1547 climata
1210 1506 1318 1563 semper
1331 1491 1492 1564 intelligitur
1503 1492 1643 1549 occidens.
1659 1492 1751 1551 detta

134 1578 234 1637 Dicunt
245 1582 291 1653 eui
303 1582 429 1657 redempti
442 1592 504 1639 sunt
526 1582 685 1652 aDoutino,
708 1600 773 1657 quoe
792 1586 900 1642 redemit
951 1584 1024 1642 euim
1038 1582 1191 1641 ierusalem
1207 1598 1282 1641 mare
1297 1583 1349 1641 boe
1363 1600 1499 1657 ntupnrrm,
1511 1584 1584 1657 quod
1601 1585 1710 1651 dieitur,
1723 1586 1749 1642 in

108 1671 138 1729 de
149 1690 229 1729 nronu
242 1674 351 1729 inimici.
377 1673 490 1747 Proprie
504 1676 539 1733 de
554 1676 833 1749 uocationopenanm
857 1678 898 1734 lo·
951 1676 1093 1735 occidente
1117 1685 1169 1735 est.
1195 1677 1290 1735 Videte
1312 1678 1393 1749 igitur
1416 1678 1574 1751 atpaterium
1597 1676 1752 1750 Scriptura·

103 1766 204 1836 tptitur.
231 1764 284 1823 lste
305 1766 379 1823 enirn
402 1768 525 1840 psalmus
539 1784 634 1827 eorum
649 1770 898 1829 babetsacrameu-
952 1788 1024 1829 rum.
1048 1772 1079 1831 la
1093 1773 1148 1830 isto
1169 1772 1231 1831 loco
1247 1772 1291 1831 bis
1311 1772 1439 1829 occidens
1460 1773 1626 1841 trontinatttr,
1651 1781 1680 1831 et
1697 1782 1750 1833 nec

102 1862 157 1913 tum
173 1874 181 1913 ι
198 1858 244 1931 qui
258 1857 393 1931 redempti
408 1870 471 1917 sunt
485 1861 512 1917 itt
528 1861 635 1920 llomiai
649 1864 788 1934 passione.
803 1863 898 1919 Dicant
914 1854 937 1917 B
952 1864 1037 1922 ιιιιιι
1050 1874 1141 1922 notus.
1163 1866 1221 1922 lloe
1236 1881 1321 1938 qrtare
1344 1864 1464 1922 dieiturl
1487 1864 1620 1936 Quoniam
1635 1865 1750 1938 populus

102 1952 144 2025 qui
156 1952 284 2027 redempti
294 1964 365 2011 suat.
381 1954 441 2026 lpse
461 1964 503 2013 est
516 1956 589 2013 enim
603 1956 728 2015 Salvator
741 1967 769 2016 et
783 1956 899 2017 iledetn-
950 1956 1105 2016 iudaeorum
1128 1958 1155 2013 in
1179 1959 1232 2015 isto
1259 1958 1363 2031 psalmo
1387 1975 1441 2016 nott
1460 1959 1588 2017 scribitur
1602 1959 1748 2031 roesudus,

101 2054 205 2117 ploret
219 2047 346 2118 pretium.
370 2045 465 2105 Dicunt
477 2050 522 2120 qui
536 2051 663 2123 redempti
677 2061 747 2107 suat.
773 2050 833 2125 lpse
855 2068 898 2111 re·
950 2052 998 2109 setl
1015 2058 1119 2107 tautum
1133 2051 1266 2124 gentium.
1282 2050 1405 2124 Denique
1417 2050 1481 2122 rpttid
1495 2051 1584 2109 eliciti

101 2136 184 2195 uenit
202 2157 209 2195 ι
234 2139 293 2211 ipse
315 2139 361 2197 dat
385 2142 503 2212 pretium
522 2144 679 2215 sangttinem
693 2159 782 2202 suarm.
809 2144 899 2214 Quare
986 2144 1145 2200 lirrmerant
1156 2147 1184 2201 in
1200 2145 1342 2203 solitudine
1353 2145 1381 2201 ia
1393 2146 1540 2218 inaquoso:
1555 2147 1623 2204 rium
1641 2146 1752 2203 ciuitatis

102 2241 192 2290 autem
209 2232 285 2290 dedit
304 2234 419 2305 pretium
434 2238 593 2309 sanguinem
606 2240 708 2296 suuml
732 2238 766 2297 ta
779 2240 898 2298 redime·
950 2238 1096 2295 lruiitacuii
1106 2254 1156 2293 tran
1169 2238 1331 2294 inuenerunt.
1344 2236 1526 2295 Esurienteset
1540 2239 1666 2314 sitienter.
1678 2238 1712 2295 tn
1722 2246 1752 2295 ιιι

101 2336 207 2385 retuos
228 2326 262 2385 de
283 2342 366 2386 mauu
380 2330 491 2389 iaintici.
513 2329 621 2405 capitu
643 2336 716 2391 enim
740 2336 900 2395 tenebamur
950 2331 1117 2404 setartsqata
1133 2330 1242 2403 proprie
1257 2330 1292 2389 tle
1311 2332 1456 2390 vocatione
1471 2334 1592 2405 gentiam
1608 2331 1748 2404 scribitur,

101 2420 126 2477 ltt
139 2436 223 2477 manu
236 2421 350 2481 diaboli.
366 2424 514 2497 Propterea
528 2435 618 2485 autem
632 2428 679 2487 ille
693 2429 768 2487 teuit
779 2440 807 2487 et
818 2430 898 2488 rade·
950 2434 979 2483 et
997 2426 1032 2482 de
1045 2426 1207 2496 expulsione
1226 2424 1394 2495 iudeorum,
1417 2426 1445 2482 lu
1466 2425 1644 2499 nequeuntibus
1665 2426 1752 2497 ipsius
1768 2477 1771 2483 .

100 2516 147 2571 mit
162 2530 227 2585 uos,
242 2525 273 2573 ιιι
286 2517 414 2575 liberaret
427 2517 462 2575 rle
480 2520 580 2577 diaboli
598 2537 689 2579 manu.
709 2522 781 2593 Quos
792 2525 899 2581 redemit
951 2520 1048 2591 psalmi
1062 2522 1195 2592 seriptum
1209 2528 1274 2576 cst:
1296 2518 1391 2577 Posuit
1409 2520 1521 2579 duratina
1546 2520 1576 2577 iu
1596 2519 1747 2590 desertum,

101 2606 131 2663 de
144 2624 228 2665 nrarrn
241 2610 352 2679 inimici,
376 2620 406 2667 at
419 2610 545 2669 destrunt
558 2614 699 2671 atlanteum
719 2624 748 2673 er
770 2614 899 2674 defenso.
951 2612 1078 2670 uidelicet
1090 2611 1256 2668 dardanorum.
1271 2610 1429 2668 Erraoerunt
1449 2614 1478 2668 ia
1497 2612 1641 2669 solitudine
1651 2612 1748 2669 initte-

101 2718 168 2760 rcm.
187 2704 315 2763 inimicus
328 2704 410 2762 bomo
423 2708 653 2779 superseminavit
670 2710 783 2769 zizania.
808 2708 901 2767 laiati·
951 2721 1042 2778 etate·
1065 2704 1189 2761 Diximus
1211 2720 1271 2777 trau
1286 2713 1381 2762 essent
1392 2720 1482 2777 aqrta,
1498 2704 1615 2762 diximus
1632 2719 1693 2777 qua
1706 2718 1751 2761 es·

101 2814 147 2856 pus
162 2808 255 2857 aunem
271 2799 396 2859 diabolus
409 2810 463 2859 ιιι,
477 2804 605 2861 mimicus
617 2812 662 2863 esp
681 2807 740 2878 ipse
753 2815 781 2863 ιι
792 2820 900 2879 posses.
952 2807 1014 2857 sent
1028 2797 1150 2856 flumina.
1173 2798 1250 2854 Viam
1269 2798 1382 2857 ciuitatis
1403 2797 1547 2855 babitaeali
1571 2815 1623 2854 reon
1646 2798 1752 2853 inserte·

100 2908 155 2951 sor.
175 2893 325 2966 Propterea
345 2910 426 2952 maan
441 2912 490 2952 saa
506 2912 555 2954 nes
570 2906 644 2955 tenet
659 2916 665 2953 :
680 2914 735 2956 noa
750 2900 812 2972 quia
835 2898 898 2956 dili·
950 2900 1024 2962 ruat,
1048 2892 1189 2949 esurienter
1209 2902 1234 2949 et
1259 2892 1387 2950 sitientes.
1414 2890 1590 2961 exponamus
1613 2888 1751 2962 quotuodo

99 2988 147 3059 pit,
172 2988 223 3047 sed
248 2989 310 3061 qnia
330 2989 397 3047 odit.
424 2991 495 3059 Ques
514 2992 622 3048 redemit
647 2993 680 3048 de
693 3010 771 3051 aranu
789 2994 898 3051 lustraret,
951 2987 1073 3059 gentium
1095 2989 1211 3061 populus
1237 2986 1319 3044 luerit
1343 2988 1370 3043 itt
1396 2986 1515 3055 deserto,
1537 2985 1584 3043 ulti
1604 3002 1657 3041 non
1672 2990 1752 3042 eraut

100 3080 220 3141 Gmttdis
235 3080 365 3154 majestas
385 3094 413 3141 et
426 3084 537 3156 grandis
557 3087 675 3156 potentia
690 3088 828 3159 sanguinis
844 3088 899 3145 llo-
937 3095 1039 3153 etium,
1056 3081 1108 3138 1¹⁰0
1122 3089 1174 3150 etl.
1190 3078 1218 3139 itt
1231 3080 1373 3153 latidudo.
1389 3090 1417 3137 el
1438 3078 1576 3152 qaromorla
1592 3079 1663 3135 vitm
1683 3078 1750 3135 citi·

100 3172 179 3241 utini,
192 3174 237 3245 qui
252 3174 334 3231 soluit
348 3190 458 3231 manum
472 3176 584 3234 diaboli.
599 3178 742 3249 Quomodo
755 3181 827 3237 onim
837 3189 900 3237 ιιιιι
953 3175 1015 3231 tatis
1031 3173 1177 3233 habitaculi
1192 3188 1246 3229 noa
1263 3173 1436 3238 invenerunt,
1447 3171 1601 3230 esurientes
1615 3181 1642 3229 et
1656 3170 1751 3227 sitien·

99 3264 192 3337 aliqua
213 3265 339 3323 animalia
360 3282 422 3339 quae
445 3269 581 3341 stringunt
606 3270 710 3343 aliquid
728 3272 796 3327 intra
812 3284 842 3328 se
856 3274 895 3328 iu-
912 3258 935 3322 C
952 3279 1003 3327 tes.
1021 3270 1058 3327 lle
1071 3268 1170 3342 quibus
1190 3269 1303 3339 dieitur,
1328 3284 1381 3325 aori
1393 3268 1564 3336 int-eaerum,
1578 3266 1750 3325 maaiiestum

99 3358 219 3426 elusum,
234 3358 306 3430 annul
321 3358 416 3416 dieunt
431 3368 459 3417 et
475 3360 584 3427 medici.
610 3371 637 3419 et
662 3364 776 3438 physici,
805 3375 833 3421 ut
848 3365 899 3422 nisi
950 3373 1004 3435 est,
1019 3364 1093 3436 quod
1107 3364 1276 3437 arraesieruot
1293 3364 1366 3421 riam
1382 3364 1500 3422 ciuitatis
1521 3361 1686 3429 habitaculi,
1702 3360 1750 3417 scd

99 3451 217 3509 tractum
231 3451 324 3519 inerit,
339 3468 353 3509 n
366 3468 395 3511 se
409 3468 462 3511 nou
478 3454 620 3526 diuiditur,
646 3472 696 3514 nec
709 3458 821 3515 dimittit
835 3459 900 3517 illud
952 3475 1007 3517 nott
1031 3460 1203 3517 invenerunt.
1232 3458 1407 3531 Quaesierunt
1424 3473 1490 3531 erpo
1515 3456 1587 3514 riam
1608 3472 1657 3527 per
1669 3470 1751 3529 attam

99 3547 172 3617 quod
194 3547 360 3603 intrinsecus
372 3546 495 3605 clausum
510 3557 584 3606 tenet
601 3568 608 3604 ι
634 3552 658 3605 si
674 3559 764 3608 nutent
787 3550 900 3609 missum
952 3555 1080 3612 uenirent
1091 3555 1125 3611 ad
1137 3554 1278 3613 ciuitatem
1296 3572 1303 3611 :
1325 3555 1478 3613 esurientes
1493 3554 1662 3627 quesierunt
1674 3560 1703 3609 et
1715 3552 1753 3608 si·

98 3638 188 3698 inerit
205 3640 307 3707 oleum,
332 3643 423 3698 statim
444 3641 612 3712 dissolvitur,
635 3653 665 3701 et
685 3644 756 3717 quod
776 3644 900 3703 strictam
952 3647 1063 3704 tientes.
1084 3647 1179 3704 Anima
1202 3663 1292 3704 eorum
1314 3648 1344 3703 in
1364 3647 1428 3722 ipsis
1456 3648 1560 3720 deterit.
1589 3646 1754 3704 Defecerant

99 3733 190 3793 luerat
203 3736 350 3808 dissipatur
362 3747 390 3793 et
407 3736 536 3793 diuiditur
555 3737 582 3793 iu
605 3747 695 3809 partes
710 3758 716 3794 :
732 3738 773 3795 sio
795 3748 823 3796 et
845 3755 902 3796 ma·
952 3750 1104 3799 scrutantes
1118 3741 1250 3797 scrutinio
1263 3738 1351 3811 (Psoi.
1367 3740 1458 3812 xxttr).
1481 3740 1656 3808 beteecrma,
1677 3720 1753 3809 aure·

98 3844 165 3887 unm
182 3829 356 3887 durissimam
372 3830 475 3889 diaboli
490 3830 572 3890 sulrit
586 3834 697 3905 sanguis
710 3834 824 3891 Christi.
849 3832 903 3891 No·
952 3836 1068 3903 aierunt,
1084 3845 1112 3892 et
1126 3848 1181 3892 nen
1197 3835 1371 3901 inuenerunt,
1395 3842 1423 3889 et
1436 3833 1462 3889 in
1475 3833 1566 3889 esurie
1585 3848 1633 3889 sna
1649 3840 1678 3888 et
1692 3832 1750 3901 siti,

98 3923 173 3983 lebat
189 3940 242 3983 uus
255 3922 394 3983 dimittere
408 3926 544 3984 diabolus.
562 3926 725 3997 Sanguinem
741 3942 818 3983 sunm
833 3928 902 3984 ludit
951 3930 1021 3983 siam
1034 3928 1144 3983 ιιιιιιιιι
1157 3926 1300 3982 babitarali
1314 3943 1366 3981 non
1377 3926 1539 3982 inuenerunt.
1564 3922 1717 3980 Esurientes
1728 3932 1753 3981 et

99 4018 327 4091 bertuinusrpuasi
351 4018 439 4075 oleum
465 4018 787 4093 misericordiarum
813 4020 901 4093 ipsunt
952 4022 1079 4076 sitientes.
1116 4018 1192 4074 blulti
1219 4019 1325 4074 luerunt
1349 4016 1396 4089 qui
1423 4015 1648 4086 repromitterent
1670 4014 1750 4071 istaut

98 4128 153 4171 nos
174 4113 310 4171 liberarit.
338 4112 376 4169 ile
398 4114 545 4187 ropionibus
568 4116 731 4189 conprepaoit
755 4130 810 4172 ιιι.
835 4115 902 4172 llide
953 4112 1027 4168 riam
1047 4126 1109 4183 que
1124 4110 1270 4167 deduceret
1287 4108 1321 4167 arl
1346 4106 1496 4165 ciritatem.
1515 4107 1643 4165 Promisit
1653 4104 1753 4163 Socra·

97 4222 184 4279 quam
212 4204 322 4276 eruaris
342 4206 378 4263 sit
402 4220 498 4263 manus
521 4204 631 4263 diaboli.
657 4206 728 4273 Quos
748 4206 903 4263 redemitus
954 4214 1005 4273 tes,
1030 4203 1153 4277 promisit
1176 4202 1265 4271 Plato,
1287 4201 1412 4274 prontisit
1434 4200 1606 4257 Aristoteles.
1632 4198 1753 4255 litentur-

97 4315 182 4356 urunu
196 4298 305 4355 inimici.
320 4296 375 4355 ilos
386 4308 477 4355 antem
490 4312 559 4370 quos
574 4296 691 4354 redemit
705 4298 739 4355 de
755 4313 835 4354 manu
850 4298 901 4355 iai·
952 4299 1054 4357 ritousa
1076 4313 1137 4371 qum
1161 4296 1264 4354 fluebat
1287 4296 1419 4369 sanguine
1443 4293 1529 4369 (duc.
1543 4310 1591 4351 rttt
1603 4294 1625 4367 ),
1653 4293 1754 4351 multos

96 4393 177 4461 miei,
191 4392 218 4449 iu
231 4392 338 4450 eunetis
353 4391 510 4465 ropionibus
525 4390 687 4448 tenebantur
702 4390 730 4447 in
752 4406 833 4445 manu
845 4390 903 4446 iai·
953 4393 1080 4465 quaesirit
1100 4390 1233 4460 medicas,
1259 4398 1287 4447 et
1306 4406 1322 4446 a
1341 4390 1418 4446 trullo
1441 4390 1531 4446 sartari
1555 4389 1656 4460 potuit,
1677 4387 1753 4444 Vinia

96 4486 176 4544 miei.
191 4483 231 4541 lie
239 4486 389 4560 ropionibus
400 4485 565 4558 conpreparit
578 4500 631 4542 eut.
644 4483 672 4541 ln
690 4493 747 4541 totu
761 4483 828 4541 orbe
844 4499 902 4543 ntt·
953 4484 1066 4540 ciuitatis
1082 4482 1226 4539 babitaculi
1238 4498 1288 4538 non
1303 4484 1466 4540 interierunt.
1491 4482 1621 4538 Doctrina
1644 4481 1751 4538 illorum

96 4594 152 4636 aas
166 4576 270 4635 diaboli
284 4578 442 4650 possidebat
456 4592 517 4635 nos.
954 4579 1041 4649 magis
1056 4576 1153 4635 iontem
1168 4576 1285 4634 iaciebat
1301 4575 1438 4644 ueritatis,
1461 4590 1545 4648 otram
1570 4576 1752 4632 saturitatem.

134 4674 237 4731 Aeolis
248 4681 307 4729 ortu
317 4682 341 4730 et
356 4688 459 4744 ιιιιιι,
476 4672 642 4751 ιιιιιιιιιι
660 4682 684 4730 ιι
698 4674 774 4730 atari.
788 4672 902 4731 Videtur
916 4657 942 4718 D
954 4674 1166 4731 Haemorrbousa
1199 4680 1283 4727 totum
1308 4669 1491 4727 substantiam
1518 4684 1595 4727 suam
1618 4669 1753 4742 impendit

95 4767 213 4840 quidem
229 4775 345 4839 qttntunr
368 4767 473 4823 dixisse
487 4766 597 4825 cliruata
620 4785 627 4823 :
650 4766 799 4837 Orientem,
824 4766 903 4825 Orci·
954 4766 981 4823 in
996 4766 1128 4823 medicos.
1155 4762 1305 4819 deterrente
1320 4772 1344 4819 et
1357 4764 1485 4828 sitientes,
1505 4764 1593 4819 aaioto
1616 4779 1705 4819 eorum
1725 4763 1752 4817 in

95 4860 225 4929 dentem,
251 4858 403 4928 lleritliem,
426 4867 454 4915 et
475 4858 591 4915 Bnrcam
607 4875 613 4913 :
629 4858 688 4915 ltue
707 4868 772 4915 sunt
786 4870 902 4930 notamur
952 4860 1018 4933 ipsis
1036 4858 1141 4930 defecit.
1164 4855 1217 4912 Sed
1233 4856 1362 4929 quoniam
1378 4855 1535 4926 perdiderat
1547 4870 1624 4910 sunto
1639 4853 1753 4910 unirer-

95 4955 214 5012 climata
234 4954 338 5011 mnndi.
365 4953 419 5011 Sed
434 4968 487 5011 non
504 4954 540 5011 ita
556 4954 676 5027 psalmas
695 4954 827 5012 eontinet.
853 4954 902 5011 llic
952 4972 1012 5013 sata
1034 4955 1235 5020 substantiam,
1264 4954 1317 5009 ltoc
1334 4961 1398 5022 est,
1424 4949 1548 5008 Ecclesia
1571 4945 1606 5004 de
1628 4945 1754 5018 gentibus

94 5051 177 5107 enim
192 5048 275 5106 babet
290 5065 298 5105 :
324 5050 420 5105 dsolie
435 5059 494 5105 ortu
517 5057 542 5105 et
560 5064 653 5104 occasu
668 5064 677 5104 :
692 5048 763 5106 Ecce
784 5048 840 5106 tluo
854 5049 903 5106 eli·
953 5048 1220 5122 congregaturum
1240 5047 1332 5103 anima
1346 5045 1405 5118 ejus
1425 5048 1451 5100 in
1472 5042 1534 5115 ipsa
1559 5039 1671 5108 deiecit,
1696 5038 1753 5095 cla·

96 5151 192 5201 mata:
204 5142 242 5197 at
255 5142 388 5216 aquilone,
398 5142 451 5199 boe
460 5151 512 5209 est,
525 5143 737 5214 aseptenlrione
752 5162 757 5198 :
771 5142 841 5201 Eece
852 5146 902 5201 tria
956 5146 1041 5201 morit
1061 5144 1094 5199 ad
1111 5140 1254 5199 bantinum
1276 5156 1338 5197 eunt
1364 5140 1549 5195 tribularetur.
1572 5133 1671 5191 'laetus
1694 5134 1755 5190 llttt·
1791 5157 1795 5173 ¹

94 5241 224 5298 climata.
241 5238 361 5295 litmuri.
374 5238 447 5295 liare
457 5238 551 5309 utique
566 5239 593 5295 in
607 5237 749 5296 atceidente
763 5248 816 5297 est.
832 5240 903 5311 Ergo
955 5236 1023 5293 briae
1039 5234 1154 5301 Domini,
1170 5234 1276 5290 elamor
1289 5231 1427 5291 credentis
1442 5230 1502 5286 iuit.

95 5330 902 5402 ridetenuoniamoccidentembisaomiuarit,ettneridiem
992 5330 1028 5403 lit
1040 5330 1216 5386 ciamuoerunt
1227 5327 1262 5385 uti
1279 5326 1422 5384 Dominum
1436 5340 1495 5380 curn
1510 5322 1708 5391 tribularentur,
1730 5331 1755 5379 et

95 5442 154 5485 nce
172 5423 269 5483 semel.
296 5424 386 5494 Quare
402 5426 484 5497 igitur
500 5424 550 5481 tria
564 5424 672 5481 climata
688 5424 859 5493 nominauit,
876 5433 904 5482 et
955 5425 988 5480 de
999 5424 1193 5479 necessitatibus
1208 5437 1297 5479 eoram
1307 5421 1402 5488 eripuit
1413 5434 1466 5473 eas.
1489 5417 1530 5475 nd
1546 5418 1702 5483 Dominam,
1715 5418 1755 5472 in-

95 5532 189 5577 unum
205 5517 292 5574 noluit
304 5516 486 5588 nttncaparel
500 5515 627 5588 Legimus
641 5518 669 5574 in
684 5516 793 5574 Abacuc
807 5534 814 5574 ι
832 5518 903 5576 Deus
956 5520 1025 5590 quit.
1040 5534 1102 5576 eum
1115 5518 1261 5576 tribularer
1275 5514 1402 5583 elantari,
1415 5512 1589 5571 etexnudirit
1602 5527 1646 5568 me
1660 5510 1752 5584 (Psoi.

94 5612 133 5668 alt
149 5618 247 5667 austro
266 5611 361 5668 reniet
374 5610 475 5683 (dior.
488 5610 550 5684 ιιι).
572 5610 612 5668 lle
627 5610 767 5669 Salvatore
780 5610 900 5669 dieitur:
956 5612 1007 5683 ιι).
1024 5609 1102 5669 Tunc
1126 5610 1288 5668 exaudimur
1308 5622 1323 5663 a
1348 5606 1474 5676 Domino,
1488 5606 1596 5678 quaudo
1610 5619 1665 5661 non
1686 5603 1754 5660 sim·

94 5702 235 5779 quoniam
252 5704 322 5761 licus
336 5712 471 5761 natusest
489 5704 516 5761 la
538 5716 643 5761 austra.
667 5704 757 5765 tlsitu
770 5708 842 5765 enim
858 5706 903 5764 ie·
957 5706 1020 5778 plex
1038 5722 1102 5775 ros,
1117 5705 1165 5763 sed
1179 5702 1315 5761 tribulatio
1328 5702 1428 5760 clamat
1439 5702 1472 5757 ad
1489 5700 1642 5757 itarninam.

95 5796 237 5864 raesulem,
252 5795 391 5855 Betltleent
410 5798 436 5855 in
451 5806 545 5856 austro
565 5800 653 5871 posita
677 5809 730 5858 est.
753 5802 902 5872 Propterea
993 5800 1028 5855 lit
1042 5799 1132 5856 eduae
1145 5816 1188 5856 eos
1203 5799 1231 5854 ia
1249 5798 1317 5853 oium
1337 5807 1445 5866 rectam,
1458 5805 1485 5853 ut
1503 5797 1572 5852 irent
1586 5795 1757 5851 intinitatem

93 5890 216 5961 dicitnr,
243 5888 316 5950 Deus
330 5893 366 5948 alt
387 5902 481 5953 austro
494 5893 596 5953 tettiet.
623 5892 652 5952 Si
669 5905 761 5955 atttem
782 5895 855 5955 lieris
869 5896 903 5953 ab
957 5893 1139 5949 habitationis.
1150 5891 1219 5961 Quia
1232 5890 1303 5950 riam
1314 5890 1434 5951 eititatis
1448 5888 1596 5951 habitaculi
1611 5906 1665 5949 nnn
1684 5890 1760 5950 inte·
