4000 6334
114 286 186 351 teto
605 288 710 347 lituu
728 288 774 347 ub
793 284 1025 349 lle’OSlTliilid
1043 288 1267 349 esetuuttutt.
1696 298 1767 359 tato

116 410 201 482 pediti
216 417 290 477 stunt,
306 406 444 479 inquiunt,
459 407 485 465 in
498 410 679 479 corporibus:
692 409 829 481 quomodo
841 410 913 467 enim
927 406 952 469 Δ
967 409 1105 478 olivarum,
1116 408 1146 464 iu
1158 408 1266 464 circuitu
1277 423 1372 465 menae
1384 417 1444 466 tuuc.
1462 406 1521 482 ligo
1534 410 1601 481 puto
1614 414 1686 484 quod
1698 434 1764 489 pro.

115 504 139 561 si
161 504 304 560 mittantur
319 501 469 577 compedes
483 503 510 559 in
527 503 663 575 pedibus,
689 503 838 576 degravant
853 518 916 561 cor·
969 502 1035 573 pitio
1057 500 1166 582 pomero
1188 518 1284 559 omnes
1305 502 1453 561 timeamus
1477 503 1573 562 Derim.
1604 505 1677 581 Ergo
1693 508 1764 567 bane

37 608 41 617 ’
116 611 189 669 pus,
218 605 247 653 et
269 597 577 656 currerenonsinunt:
598 598 915 669 sicetcorpnrunostra
967 595 1239 654 beatitudinemnon
1270 596 1427 654 babemus?
1453 596 1592 669 Scriptum
1614 602 1767 673 cocenim,

116 688 262 747 includunt
286 690 411 760 animas,
436 688 488 747 hoe
507 698 570 758 est,
585 690 699 763 angelos
715 690 867 764 degravant
886 690 915 747 in
967 689 1265 763 eurimedontem,
1289 690 1360 748 banc
1372 690 1457 749 babet
1470 692 1682 762 beatitudinem
1698 713 1765 753 auur

118 792 203 841 terra.
225 783 259 839 Et
271 782 325 841 ltoo
343 784 443 856 quibus
456 784 549 842 uerbis
562 784 733 855 approbanti
752 782 853 857 Infelix
868 800 916 859 epo
968 794 1015 842 trau
1035 786 1102 841 ciret
1112 786 1170 841 vitia
1183 784 1321 843 abandons
1342 787 1372 841 irr
1391 786 1515 845 bouum
1529 787 1621 845 domur
1634 798 1702 859 ture,·
1716 792 1769 861 filii

117 874 205 946 boitro,
215 878 274 951 guia
288 895 329 934 me
338 876 456 933 liberabit
469 878 502 934 de
512 892 620 950 corpore
634 878 724 933 martir
736 876 815 951 bajec
826 875 915 950 (Rom.
968 880 1007 937 ιιι
1025 881 1094 936 ricat
1118 878 1228 937 norcliur
1245 879 1389 951 olivarum,
1405 883 1434 937 iu
1451 882 1561 939 circuitur
1583 900 1679 942 mentor
1701 896 1764 943 ture.

116 990 166 1044 vau,
182 972 251 1046 illi
264 972 298 1029 lit
312 972 379 1029 illud
392 974 465 1047 quod
479 972 589 1043 dicitur,
611 973 695 1046 dupio
709 970 813 1029 diareiui
827 982 852 1027 et
863 986 917 1028 erre
968 971 1041 1045 Ergo
1052 982 1082 1031 et
1094 973 1142 1045 gui
1156 989 1240 1030 uuum
1253 974 1336 1031 babet
1346 973 1432 1031 dlium
1445 983 1475 1033 et
1486 976 1567 1045 uuor,
1581 992 1635 1035 nou
1649 987 1691 1035 est
1702 980 1768 1037 bea·

117 1084 178 1123 eurr
191 1064 305 1125 clarirtu.
324 1064 444 1135 liuenti,
462 1076 487 1121 et
502 1082 559 1124 erre
575 1084 633 1123 cour
648 1064 751 1122 Gbrirto
766 1063 879 1139 tunrttp.
895 1080 915 1133 ι,
969 1068 1031 1124 tuat
1044 1067 1115 1137 Quid
1129 1068 1202 1124 euim
1215 1067 1297 1135 dicit,
1313 1066 1363 1141 filii
1373 1069 1411 1124 iai
1423 1070 1490 1124 cicun
1502 1069 1613 1127 nooeiioe
1625 1071 1765 1143 ciberum,

118 1160 178 1236 23).
195 1160 305 1229 Videte,
322 1160 429 1235 inquit,
444 1160 507 1233 quid
524 1159 591 1218 dicit
611 1158 768 1233 Apostolus.
790 1158 918 1228 Quicum·
969 1162 997 1217 iu
1009 1160 1223 1218 cirmitumenaae
1237 1171 1299 1219 tare.
1315 1161 1370 1219 llisi
1382 1172 1471 1221 tantos
1485 1162 1662 1223 babuerimus
1675 1166 1765 1238 lilios,

117 1270 172 1329 que
186 1254 271 1319 dicit,
289 1252 376 1325 Cupio
392 1252 492 1311 reverti
507 1270 515 1305 :
529 1253 621 1325 utique
636 1252 700 1309 illue
718 1252 785 1309 dicit
797 1252 843 1309 ubi
855 1261 919 1311 aute
969 1263 999 1313 ut
1011 1255 1122 1327 cingant
1141 1270 1264 1313 mensam
1284 1266 1422 1326 nostram,
1437 1256 1632 1316 beatitudinem
1644 1260 1767 1318 timentis

118 1348 219 1407 luerat.
244 1345 364 1403 lrvtroeot
384 1347 412 1401 in
433 1356 569 1420 conspectu
585 1346 748 1420 toogcmitvo
760 1344 919 1417 compedito·
970 1348 1116 1405 Dominum
1134 1363 1188 1405 uon
1207 1348 1386 1408 babebimus?
1398 1350 1474 1408 lsaae
1487 1350 1766 1411 bancbeatitudinern

118 1459 188 1499 rana.
206 1441 263 1513 Ego
276 1457 343 1499 veru
355 1438 526 1513 simpliciter,
546 1438 685 1497 rusticana
700 1437 878 1510 simplicitate
890 1446 919 1495 et
971 1454 1025 1497 non
1039 1440 1146 1512 babuit,
1161 1440 1257 1498 babuit
1267 1443 1418 1501 euimduoo
1428 1443 1509 1514 illios,
1522 1461 1607 1502 unum
1620 1448 1769 1519 pessimum

119 1534 326 1607 Ecclesiastico,
343 1535 379 1591 ita
397 1533 446 1591 tibi
460 1532 642 1605 respondebo.
660 1532 700 1589 lta
714 1532 786 1589 enim
803 1530 919 1602 apostoli
971 1533 1053 1602 lisau,
1069 1534 1116 1606 qui
1130 1533 1217 1591 multo
1231 1536 1330 1593 nuelius
1345 1536 1437 1594 iuerat
1449 1538 1473 1595 si
1486 1548 1569 1597 uatus
1588 1555 1643 1598 non
1660 1540 1768 1600 luisset.

118 1627 339 1701 responderunt,
352 1628 394 1685 sic
408 1636 474 1685 sunt
487 1626 588 1694 locuti,
602 1642 656 1683 non
668 1624 760 1683 verbis
774 1622 920 1681 rbetorieis
973 1625 1073 1683 llabuit
1092 1635 1185 1683 autom
1208 1641 1291 1683 unum
1306 1627 1392 1684 illium
1405 1627 1492 1686 Jacob
1505 1646 1512 1685 ι
1524 1644 1592 1703 ergo
1603 1646 1658 1688 non
1674 1632 1771 1691 babuit

119 1732 148 1779 et
168 1720 330 1779 diabolicis:
358 1719 456 1777 ileliae
480 1728 519 1777 eat
541 1720 609 1774 eninr
631 1718 724 1775 rmerti
747 1727 771 1773 et
791 1733 847 1773 erac
861 1732 921 1771 caut
972 1716 1192 1776 beatitudinem?
1212 1718 1284 1788 Quia
1308 1735 1379 1777 unua
1400 1722 1546 1780 circumire
1569 1739 1693 1782 mensam
1714 1741 1772 1785 uon

121 1815 236 1873 cbristo.
249 1816 317 1885 Quia
330 1815 370 1872 sie
379 1814 463 1871 babet
475 1814 502 1871 iu
512 1814 619 1881 Graeco,
634 1827 687 1869 nun
700 1810 792 1879 babet,
801 1810 918 1880 tierrici,
936 1814 959 1875 Β
974 1812 1074 1881 potuit.
1096 1810 1221 1885 Virginea
1234 1828 1301 1885 ergo
1311 1828 1366 1872 uon
1380 1814 1479 1872 timent
1491 1818 1588 1875 beorn.
1614 1820 1685 1890 Quid
1697 1823 1773 1879 enim

121 1911 170 1969 sed
191 1912 294 1968 reuerti.
317 1910 421 1967 liconti
443 1918 466 1965 et
488 1926 543 1967 erre
559 1925 619 1963 curt
632 1906 747 1963 Clarium.
767 1904 820 1963 ilbi
833 1905 920 1964 Adam
973 1904 1084 1972 dicitur,
1107 1904 1181 1976 quod
1196 1905 1244 1977 qui
1258 1908 1334 1965 tirnct
1348 1908 1493 1967 bominum
1508 1910 1644 1983 intelligat
1653 1913 1774 1973 beatitu-

121 2005 176 2062 iuuit
191 2015 268 2076 pater
279 2018 372 2075 meus,
389 2002 425 2059 ibi
440 2010 469 2059 et
482 2016 534 2074 ego
548 2016 610 2060 esse
622 2000 769 2059 desidero:
789 1998 861 2055 unde
875 1996 923 2055 ille
973 1996 1086 2056 diremi
1098 1996 1173 2055 liuor
1185 2000 1308 2055 taedeat
1321 2001 1529 2061 attitulandum
1548 2006 1576 2061 in
1593 2006 1715 2064 luteribus
1727 2011 1775 2067 do·

122 2098 229 2171 ejectus
243 2107 301 2165 est,
316 2110 367 2169 ego
379 2095 483 2154 reverti
498 2095 590 2167 cupio.
619 2093 647 2150 ln
662 2092 749 2153 Adanu
763 2106 860 2149 omncs
872 2106 923 2147 nos
974 2099 1111 2156 naariae:
1126 2089 1177 2161 piri
1190 2092 1230 2147 tui
1250 2091 1320 2147 aiem
1338 2094 1449 2151 nmeiioe
1460 2095 1599 2167 clivorum,
1620 2100 1647 2154 iu
1662 2101 1775 2158 circuitu

122 2190 158 2249 de
172 2190 302 2264 paradiso
316 2190 397 2261 eiecti
413 2204 523 2257 sumus,
538 2188 659 2246 introeat
672 2186 700 2243 in
714 2195 861 2258 conspeetu
876 2193 924 2243 tuo
974 2197 1071 2238 mesto
1086 2190 1148 2239 tre·
1164 2182 1242 2240 lianc
1255 2184 1451 2245 beatitudiuem
1471 2186 1657 2249 ioannecnon
1668 2192 1772 2252 babuit.

122 2283 240 2356 geminus
252 2282 481 2355 compeditorum,
974 2276 1095 2334 loannes
1114 2276 1218 2351 utiquc,
1238 2287 1295 2336 tam
1318 2280 1509 2355 evangelista,
1534 2302 1617 2357 quant
1631 2288 1775 2360 Baptista:

160 2376 251 2445 Quare
264 2376 338 2433 enim
351 2375 404 2435 boe
416 2390 472 2435 uon
484 2374 649 2448 simpliciter
657 2372 807 2447 intelligam
820 2371 924 2431 dictum
975 2382 1091 2447 uterque
1109 2374 1184 2432 cuim
1206 2376 1285 2449 rirgo
1297 2375 1358 2433 ivit.
1373 2377 1449 2436 lianc
1461 2380 1659 2441 beatitudiuem
1675 2384 1777 2443 Paulus

124 2485 188 2528 osse
200 2470 234 2531 dc
248 2470 434 2543 martyribus,
454 2469 500 2542 qui
517 2468 616 2527 inclusi
629 2476 693 2525 aurit
705 2468 734 2525 iu
746 2466 925 2525 carceribusl
977 2482 1032 2523 non
1044 2467 1142 2525 babuit
1153 2469 1201 2541 gui
1214 2470 1300 2527 dicit:
1319 2469 1388 2528 Volo
1399 2481 1582 2532 uatenromucr
1592 2478 1630 2533 ric
1645 2496 1700 2535 erre
1709 2480 1777 2536 riuut

125 2564 225 2635 Quanti
241 2566 315 2623 euim
327 2577 355 2623 et
367 2565 396 2622 ie
409 2564 529 2623 metallis
539 2563 705 2621 missisunti
720 2562 779 2635 Ego
788 2578 854 2619 vero
864 2560 926 2620 dieo
977 2576 1018 2617 me
1030 2560 1053 2636 (l
1065 2560 1128 2618 Gor.
1142 2561 1243 2636 r11,¹l).
1263 2561 1370 2620 Videtis
1380 2578 1448 2638 ergo
1460 2568 1591 2639 quoniam
1605 2586 1677 2628 uxor
1686 2580 1716 2629 ct
1729 2572 1780 2630 lilii

125 2661 188 2732 quia
204 2662 312 2719 illorum
323 2660 544 2733 compeditorum
556 2676 621 2719 vere
631 2658 725 2719 audiat
735 2674 829 2717 vocem
842 2658 924 2717 Deus.
978 2656 1158 2728 spiritualiter
1169 2656 1343 2731 intelligendi
1355 2669 1431 2729 suot,
1445 2661 1567 2736 alioquin
1582 2666 1634 2722 nisi
1649 2666 1780 2738 spiritua-

164 2755 317 2813 Secundum
335 2757 542 2831 ntupuitrrdiuem
566 2756 666 2813 bruchii
678 2756 727 2821 tei,
739 2754 843 2827 putride
857 2754 927 2823 filim
978 2746 1043 2806 liter
1057 2748 1296 2823 intellexerimus,
1322 2752 1412 2825 angeli
1427 2756 1497 2813 bane
1510 2756 1708 2818 beatitudiuem
1722 2778 1778 2819 non

127 2848 356 2920 rrtortipcotorrnn.
371 2848 427 2907 ilos
438 2865 535 2909 omnes
548 2849 589 2925 (si
604 2859 694 2907 tumen
709 2845 865 2919 meremur)
880 2846 928 2903 lilil
978 2839 1092 2911 hebeni.
1104 2843 1169 2915 uult
1183 2843 1254 2901 illios
1267 2859 1318 2902 uus
1332 2844 1446 2903 babent.
1471 2846 1653 2911 Revertamur
1664 2868 1731 2929 ergo
1743 2855 1779 2913 ad

127 2950 279 3013 martyrum
294 2956 399 2999 sumus.
416 2941 564 3013 Apostolus
579 2939 687 3012 nuaurdo
698 2938 725 2996 in
735 2954 846 2997 carcere
856 2947 926 3009 erat,
979 2934 1105 2994 ordinem
1120 2937 1257 2997 lectionis.

128 3035 300 3106 compeditus
318 3044 380 3095 erat
392 3036 538 3108 :apostoli
555 3050 651 3093 omnes
668 3033 776 3107 quando
792 3034 818 3091 in
832 3046 927 3091 carce·
1018 3027 1092 3085 Bruti
1105 3047 1194 3088 umnec
1216 3034 1262 3105 poi
1285 3034 1375 3092 timent
1395 3036 1547 3095 verrinum.
1565 3040 1709 3110 Quomodo
1724 3060 1778 3103 no„

128 3130 205 3189 ribus
220 3140 315 3202 crant,
340 3130 485 3202 compediti
510 3138 607 3189 eraut:
622 3144 721 3189 omues
735 3140 870 3202 martyreo
883 3126 930 3200 qui
980 3130 1073 3194 potest
1095 3123 1205 3192 dicere.
1231 3125 1298 3183 Pars
1322 3144 1382 3185 mea
1404 3130 1779 3208 numerumnunerum

129 3225 352 3296 interfeminium,
365 3228 391 3283 in
408 3227 565 3286 carceribus
579 3234 659 3284 erant
672 3223 831 3297 compediti.
843 3220 966 3291 Prope
982 3227 1087 3289 partem
1110 3219 1137 3275 in
1161 3220 1263 3277 saeculo
1283 3236 1338 3279 non
1354 3222 1455 3293 lrabet;
1478 3226 1518 3283 sic
1532 3243 1586 3284 non
1599 3228 1677 3286 timet
1691 3229 1779 3290 licum

130 3328 206 3379 terea
230 3335 302 3377 nunc
324 3319 450 3378 dieitur:
478 3318 590 3376 Perside
609 3318 681 3391 fiiiur
703 3317 927 3389 mortificatorem.
981 3312 1027 3383 orti
1052 3312 1130 3371 timet
1151 3313 1226 3370 aliod
1247 3314 1350 3388 aliquid
1373 3327 1452 3376 extra
1477 3321 1632 3379 Dominum.
1657 3324 1780 3399 lienique

130 3408 222 3465 Redde
243 3410 334 3467 ricinia
358 3410 454 3466 uostris
468 3410 617 3484 ruptepirtnt
630 3410 658 3465 in
668 3410 728 3465 rint
739 3424 838 3465 eurum.
864 3406 930 3465 llibi
982 3404 1042 3476 ipse
1054 3405 1181 3463 Salvator
1190 3405 1276 3465 dicit:
1292 3406 1382 3466 Nolite
1393 3412 1483 3469 timere
1492 3430 1537 3471 eor
1546 3415 1593 3487 gui
1605 3428 1713 3489 purrurtt
1724 3435 1781 3477 rur·

129 3502 238 3559 videtur
261 3504 332 3574 quod
358 3518 413 3560 non
435 3512 532 3561 contra
549 3504 613 3561 illos
626 3512 720 3577 rogat,
734 3504 783 3561 sed
799 3518 849 3575 pro
863 3502 928 3572 illis,
981 3514 1031 3569 pus
1044 3498 1177 3567 occidere:
1199 3500 1246 3555 ced
1260 3503 1471 3578 continuerat
1485 3514 1568 3576 potest
1582 3524 1676 3584 corpur
1688 3513 1783 3567 etmri·

130 3596 261 3663 boemi,
287 3595 322 3651 da
341 3596 395 3653 iilis
408 3596 550 3655 sabbatum
567 3606 662 3656 tuum:
687 3598 823 3655 rotimum
836 3606 930 3655 autem
982 3608 1053 3647 mum
1075 3592 1193 3650 οιιιιιιιι
1216 3594 1245 3649 iu
1265 3595 1407 3671 gebennam
1432 3598 1523 3668 (ιιαιι.
1540 3616 1569 3670 x,
1582 3600 1642 3674 ιι).
1675 3602 1782 3662 Videtis

96 3714 100 3719 ·
131 3690 331 3760 interpretatur
355 3690 467 3762 repaire.
491 3690 570 3760 Quod
594 3691 661 3747 dicit
678 3692 730 3748 boc
749 3700 810 3749 est:
826 3691 930 3749 laceos
983 3699 1053 3759 crgo
1074 3686 1149 3759 quod
1171 3686 1246 3744 aliud
1266 3687 1369 3761 aliquid
1399 3699 1479 3748 extra
1503 3692 1590 3751 lleurn
1610 3694 1708 3765 timet,
1735 3699 1784 3770 qui

131 3783 309 3855 requiescere
321 3782 348 3838 in
364 3780 468 3839 malitia
482 3795 552 3851 sua,
575 3792 623 3840 aut
633 3791 711 3841 certe
722 3782 813 3851 aliter,
833 3782 877 3839 bic
889 3782 931 3839 eis
985 3779 1071 3836 lieuru
1086 3796 1141 3838 non
1154 3781 1244 3839 tluret.
1268 3783 1320 3851 Qui
1342 3785 1414 3839 timet
1437 3782 1600 3857 Dominum,
1622 3804 1684 3860 qum
1706 3789 1783 3863 signa

131 3876 228 3944 redde,
244 3885 272 3935 et
284 3890 338 3933 uon
353 3876 396 3935 eis
409 3875 510 3935 reddas
523 3874 551 3933 in
566 3876 669 3933 tuturo.
982 3871 1086 3931 laabett
1099 3876 1143 3946 nai
1164 3876 1279 3932 nnielm
1297 3877 1326 3932 ιιι
1342 3877 1391 3934 ciir
1404 3878 1469 3951 ejvs.
1493 3878 1586 3936 lluitae
1599 3891 1664 3939 suut
1682 3882 1734 3940 vim
1755 3893 1784 3941 et

170 3969 229 4026 Nor
252 3977 339 4027 rutum
360 3969 475 4043 populor
493 3980 555 4029 tour
570 3979 595 4026 et
608 3986 667 4027 orer
681 3977 858 4040 purceoetere.
879 3966 932 4027 Ubi
983 3969 1078 4027 multae
1098 3970 1150 4027 riae
1171 3968 1276 4028 ducunt
1297 3968 1332 4028 ad
1347 3986 1428 4028 tunam
1441 3972 1525 4029 viam.
1546 3972 1671 4047 lienique
1683 3974 1785 4034 dicitur

132 4080 199 4123 ovea
212 4063 290 4133 dicit,
304 4061 490 4121 innocentiam
505 4064 650 4137 signiticat.
670 4063 742 4121 Oves
761 4078 816 4121 non
831 4063 933 4121 babent
981 4072 1013 4144 et
1027 4065 1056 4121 in
1068 4063 1184 4121 loremia
1198 4082 1207 4121 a
1230 4062 1266 4119 Et
1278 4072 1345 4121 stote
1354 4066 1382 4121 iu
1392 4066 1440 4121 viia
1452 4064 1572 4135 bomini,
1588 4076 1613 4123 et
1627 4067 1786 4142 interrogate

134 4162 188 4217 nisi
204 4168 353 4233 pastorem.
380 4158 567 4232 confitebimur
581 4160 626 4215 titi
641 4161 669 4214 in
683 4157 820 4216 amonium.
844 4140 948 4230 (irruti—¹
984 4158 1092 4214 renitor
1102 4158 1300 4230 ejuroeteruua,
1321 4167 1345 4214 et
1358 4158 1494 4215 inuenietis
1507 4158 1588 4225 oium,
1604 4167 1628 4214 et
1639 4160 1787 4217 ambutabi-

135 4252 255 4319 teiiurar,
268 4253 312 4311 vel
321 4252 511 4325 pmuitentiarn
526 4253 643 4326 agimus,
655 4253 699 4311 vel
708 4264 785 4310 certe
794 4251 866 4325 quod
878 4266 935 4310 rne-
986 4252 1020 4310 tir
1032 4252 1061 4307 in
1074 4269 1106 4307 eu
1118 4249 1228 4326 (incur.
1244 4266 1282 4317 ru,
1299 4251 1357 4324 liii.
1381 4249 1480 4308 Videte
1493 4250 1558 4322 quid
1572 4250 1660 4321 dicat,
1675 4261 1703 4310 et
1715 4263 1786 4313 state

134 4344 188 4403 lius
202 4354 256 4413 est,
270 4345 468 4417 glorificamus.
486 4344 725 4420 ingenerationem
741 4354 766 4401 et
785 4344 933 4420 geneructu·
986 4346 1015 4403 in
1026 4344 1091 4416 viis,
1106 4356 1134 4402 et
1145 4344 1313 4417 interrogate
1326 4340 1386 4400 rias
1401 4342 1510 4399 lionrini
1524 4351 1653 4415 aternus,
1668 4356 1696 4402 ct
1709 4346 1788 4406 iure·

135 4455 215 4507 nent,
241 4439 270 4495 in
295 4439 384 4510 primo
407 4439 509 4513 populo
530 4449 558 4495 et
579 4438 702 4497 secundo
723 4438 834 4511 populo.
857 4437 935 4495 Licet
986 4439 1068 4498 nietis
1083 4454 1165 4495 unam
1188 4439 1280 4511 viam,
1304 4446 1334 4496 et
1356 4436 1495 4495 ambulate
1509 4438 1536 4494 in
1550 4452 1593 4496 ca.
1609 4438 1788 4516 videtequo·

135 4532 286 4591 secundum
320 4530 463 4589 historiam
491 4533 574 4591 aliter
596 4533 704 4591 dicatur
733 4534 760 4589 in
784 4530 932 4589 Ezechiel:
987 4533 1070 4591 niodo
1082 4548 1131 4605 per
1143 4536 1238 4606 plures
1252 4532 1311 4590 viae
1324 4532 1451 4589 venimus
1466 4530 1501 4589 ad
1516 4546 1599 4590 unam
1620 4533 1703 4591 riam.
1728 4534 1787 4595 lioe

135 4636 228 4683 tanuen
240 4626 390 4685 secuudum
404 4626 609 4698 intelligentiam
623 4626 793 4699 spiritualem
807 4626 859 4683 boc
868 4624 935 4683 diei·
947 4630 974 4691 Ι)
987 4626 1091 4683 dicitur
1111 4638 1139 4683 et
1158 4624 1188 4682 iu
1204 4624 1355 4697 lirangeiio
1369 4622 1432 4680 aliis
1445 4624 1536 4682 verbis
1550 4625 1603 4684 sub
1613 4626 1664 4682 alia
1680 4627 1787 4701 signill-

135 4734 210 4791 nuuu,
221 4719 349 4793 quoniam
365 4719 426 4777 istm
440 4717 501 4776 due
514 4730 609 4791 gentes
622 4764 630 4791 ‚
646 4720 699 4778 boc
708 4728 764 4789 ιιι,
777 4719 838 4777 dum
851 4720 933 4793 virgae
988 4719 1099 4777 catione
1113 4717 1253 4787 parabolae
1267 4718 1301 4773 de
1314 4716 1363 4773 ilio
1376 4716 1546 4789 negotiatore
1560 4719 1605 4791 qui
1618 4718 1715 4775 babuit
1727 4720 1789 4792 plu-

134 4815 287 4890 iunguntur
300 4815 328 4871 in
342 4814 484 4882 lirecbiel,
498 4822 527 4871 et
546 4815 576 4871 lit
591 4830 674 4872 unum
687 4830 813 4887 regnum.
840 4814 874 4870 ln
887 4830 934 4885 pe·
988 4826 1035 4871 res
1048 4810 1222 4883 margaritas,
1237 4810 1283 4882 qui
1297 4809 1420 4866 vendidit
1433 4824 1491 4877 eas,
1506 4818 1535 4867 et
1546 4810 1614 4867 emit
1628 4826 1709 4867 unam
1723 4828 1785 4884 pre·

136 4911 299 4967 necationem
326 4918 350 4963 rt
373 4908 565 4981 concretionem
591 4909 805 4965 cunetatiobimrrr
829 4906 935 4964 laudem
989 4906 1166 4963 tiosissirnam
1178 4902 1787 4975 margaritam.Quoddlcitboceat‚llabetute

136 5012 219 5060 tuum.
246 5002 443 5077 Apostolorum
457 5018 510 5059 vox
534 5013 586 5059 cst.
613 5004 710 5062 Petrus
726 5006 752 5063 iu
770 5003 869 5076 populo
879 5006 935 5061 eir·
990 4999 1124 5072 plurimae
1139 4997 1318 5069 margaritas,
1333 5004 1361 5053 et
1375 5005 1446 5053 state
1459 4995 1487 5052 iu
1501 4996 1563 5053 viis.
1589 4994 1647 5053 lioc
1659 5006 1703 5054 est
1715 5008 1789 5059 state

138 5099 326 5165 concisione
341 5098 442 5155 Paulus
456 5106 484 5154 et
497 5096 636 5154 barnabas
651 5098 678 5155 in
696 5097 834 5169 gentibus.
991 5094 1019 5153 ie
1034 5094 1097 5164 viia,
1108 5103 1137 5149 et
1151 5093 1321 5164 interrogate
1331 5093 1444 5147 semitas
1458 5087 1567 5145 lioruini
1580 5098 1708 5149 aemrnar.
1724 5093 1791 5153 Pul-

382 5190 542 5251 Psanites
560 5190 691 5248 cxxiii.
992 5188 1059 5245 cbre
1083 5196 1219 5255 aeternas,
1246 5202 1282 5243 ue
1301 5195 1458 5258 putaremus
1472 5182 1591 5241 aduentu
1606 5185 1721 5259 dimisti,
1739 5189 1792 5250 Le-

174 5283 252 5341 Beoti
265 5300 352 5341 omnes
365 5289 411 5357 qni
424 5284 513 5341 timent
529 5282 679 5341 bertram.
705 5284 757 5355 Qui
773 5284 870 5341 timent
880 5284 936 5343 lio·
991 5297 1054 5356 gem
1073 5292 1101 5340 et
1122 5282 1268 5356 propbetas
1281 5296 1343 5339 case
1353 5280 1456 5337 duitoa.
1478 5277 1533 5336 Sed
1546 5277 1612 5338 tide
1627 5283 1692 5355 quid
1705 5284 1790 5344 dicat.

139 5380 245 5439 mitium
260 5378 334 5451 quod
345 5380 447 5436 babent
462 5382 616 5453 praemium,
631 5394 712 5453 quarn
725 5378 874 5437 coronam?
891 5378 936 5435 vi·
992 5377 1070 5437 State
1084 5379 1112 5435 iu
1130 5378 1201 5447 viia,
1215 5377 1244 5434 in
1258 5376 1331 5449 Lege
1345 5385 1374 5433 et
1385 5372 1544 5447 prophetis,
1559 5385 1588 5433 et
1601 5384 1673 5435 state
1687 5379 1714 5435 in
1726 5380 1791 5439 riis.

139 5474 254 5533 dearnus
283 5488 365 5544 quam
388 5473 508 5532 babeant
532 5474 663 5545 laudem,
688 5474 760 5546 quod
780 5472 935 5548 praemium.
992 5472 1084 5533 Nolite
1107 5473 1149 5531 sic
1167 5471 1281 5531 credere
1301 5470 1329 5527 in
1352 5468 1396 5527 ria
1422 5482 1496 5539 una,
1527 5476 1558 5526 ut
1579 5468 1723 5530 dimittatis
1735 5474 1795 5533 riae

140 5567 237 5624 Rectus
250 5582 287 5635 cr,
305 5566 406 5623 eriere
420 5566 467 5623 tibi
478 5570 537 5624 erit.
563 5570 623 5627 lam
639 5566 695 5625 diri
709 5567 744 5625 de
757 5566 937 5637 beatitudine,
995 5566 1145 5640 plurimas3
1162 5563 1212 5623 sed
1227 5570 1298 5620 state
1311 5561 1340 5618 in
1354 5560 1421 5631 tila,
1437 5560 1604 5634 interrogate
1615 5562 1728 5622 semitas
1742 5566 1796 5623 lio-

141 5674 236 5732 quaeru
260 5658 456 5717 beatitudinem
480 5678 542 5733 quae
561 5662 607 5718 sit.
633 5660 685 5731 Qui
700 5662 777 5719 timet
793 5660 938 5717 bominum
995 5661 1063 5718 mini
1086 5670 1212 5718 aeternas.
1229 5657 1400 5743 interrogate
1410 5656 1522 5715 semitas
1539 5658 1662 5730 bomini,
1676 5661 1740 5735 quid
1756 5662 1797 5721 ui-

141 5768 223 5824 puam
239 5752 321 5811 babet
334 5752 551 5811 omuiruuinamt
567 5754 639 5812 liuor
653 5765 698 5813 tou
710 5756 778 5812 sicut
791 5756 849 5811 vitia
860 5755 943 5811 uian-
995 5756 1068 5815 serit
1089 5752 1244 5822 ieremias,
1264 5752 1358 5824 isaias,
1381 5752 1521 5823 lizeebiel,
1544 5751 1610 5826 quid
1620 5755 1716 5813 eceteri
1730 5770 1797 5827 pro-

144 5846 211 5903 dures
224 5888 232 5920 ‚
246 5847 274 5905 iu
292 5848 415 5904 lateribus
427 5849 519 5905 dentur
530 5858 590 5907 tum.
618 5848 682 5908 tutu
697 5852 735 5909 tui
745 5853 814 5921 sicin
828 5850 940 5912 nutelire
997 5851 1273 5926 puemturcurogatc
1288 5846 1400 5908 semitas
1413 5870 1421 5909 ε
1436 5848 1533 5907 melios
1543 5848 1644 5909 dieitur
1657 5849 1685 5907 in
1705 5849 1802 5911 eroco

288 5941 426 6006 Parnon.
450 5941 568 6007 XXVI.
1439 5944 1474 6007 tt
