4000 6334
105 342 147 399 tlt
295 336 624 397 coussnttutotttltt
643 337 676 394 tri
697 334 922 396 stnnotttttltt
942 337 1111 397 demittit
1132 341 1199 399 Alit.
1220 342 1265 399 ΙΙΙ.
1286 343 1367 402 GAP.
1387 344 1459 402 xtt.
1673 344 1727 403 tlt

104 479 146 537 quc
158 457 302 516 manifestus
323 466 375 524 est,
399 456 470 529 quod
495 472 528 512 ex
554 456 752 513 elementorum
778 455 875 511 ordine
888 463 915 528 Α
926 465 980 511 oete
994 474 1010 511 a
1025 458 1149 530 sermome
1165 457 1362 516 Plurisccrum
1375 471 1399 515 ct
1411 459 1633 528 Sadducaeorum,
1647 461 1730 518 docet

102 569 169 630 atque
181 565 193 592 ¹
205 552 366 616 constantia,
382 551 490 622 possint
504 561 531 606 et
546 548 646 616 sereni,
663 557 691 606 et
705 548 805 616 pluviae
817 547 877 603 dies
928 565 976 608 eos
990 552 1055 622 quid
1069 553 1223 623 signillceut
1233 556 1355 628 quinque
1366 570 1460 626 panes,
1475 563 1504 612 et
1512 565 1615 628 septem
1628 572 1636 613 ι
1648 557 1730 626 quin-

103 647 227 724 pranosai.
238 645 338 702 Scriltte
350 653 442 700 autem
455 652 482 701 et
493 641 638 710 Pisarisaei,
651 640 698 713 qui
714 640 877 696 tidelmntur
928 660 982 716 que
997 646 1082 703 millia
1106 647 1259 717 iromluom,
1281 658 1310 706 ει
1327 659 1448 722 quatuor
1464 649 1561 717 millia,
1577 665 1637 722 qua
1651 659 1729 723 pasta

101 743 224 814 legisesse
241 738 377 804 doctores,
393 752 426 794 ex
451 737 645 808 prophetarum
666 735 796 792 uaticinio
822 751 876 791 uon
928 739 1042 795 suntin
1066 755 1180 808 eremo;
1208 742 1280 812 quod
1307 743 1372 800 licet
1396 744 1537 813 signorum
1566 743 1729 816 magnitudo

101 843 226 910 potuerunt
238 833 387 904 intelligere
406 831 557 902 Saleatoris
572 830 732 887 adtentum.
929 833 1071 904 perspicua
1088 834 1134 905 sit,
1151 843 1242 892 tamea
1266 846 1296 892 ει
1316 837 1390 893 aliod
1415 838 1441 892 in
1466 836 1607 908 spirituali
1628 837 1730 894 intelli-

128 929 206 999 liets.
221 925 260 996 5.)
273 923 307 978 Ei
331 923 427 979 relidit
451 924 516 986 5¹5⁸·
533 922 609 990 ullis,
632 929 655 977 ⁶¹
680 938 737 976 cvm
750 923 879 977 tunitius!
929 927 1020 998 gentis
1034 926 1249 984 demonstretur.
1267 929 1295 986 Si
1309 930 1381 986 enim
1397 929 1561 987 iermcotum
1577 929 1732 988 Plusrisaeo·

99 1021 204 1095 discipuil
216 1021 272 1090 sias
284 1025 355 1074 trans
370 1017 476 1088 fretum,
497 1017 570 1074 cilici
583 1024 643 1072 sant
659 1031 739 1089 panes
750 1017 876 1087 accipere.
930 1035 989 1074 rum
1004 1029 1031 1076 et
1044 1018 1256 1078 sadduceorum
1281 1036 1337 1078 non
1361 1021 1533 1093 corporalem
1557 1037 1668 1094 punctu,
1681 1021 1731 1080 sed

98 1115 139 1182 oui
149 1113 209 1168 dicit
221 1110 284 1167 iliis.
307 1109 418 1167 lielictis
433 1108 537 1166 Scribis
554 1122 580 1165 et
595 1109 755 1178 Pharismis,
775 1109 876 1178 quitos
930 1109 1091 1168 traditiones
1101 1121 1291 1183 periurasset
1301 1112 1430 1170 haeretica
1438 1114 1730 1186 signidcstdugmata:

98 1209 204 1264 dixerat:
219 1201 359 1261 Generatic
372 1203 443 1260 maia
454 1214 477 1258 ct
488 1203 609 1260 adultera
623 1204 726 1274 sipnum
737 1203 842 1276 quasit,
855 1212 878 1259 et
930 1220 1014 1276 quare
1028 1212 1056 1260 et
1068 1205 1134 1277 cibi,
1150 1205 1249 1277 quibus
1263 1207 1381 1262 nutritus
1394 1219 1437 1264 est
1456 1209 1572 1280 populus
1592 1207 1654 1275 liei,
1676 1223 1732 1265 nou

96 1303 183 1373 siparum
197 1313 246 1353 ucrt
260 1296 367 1353 deditur
392 1299 426 1366 ci,
448 1297 499 1352 nisi
513 1297 617 1369 signam
635 1293 712 1352 dorsa
731 1296 877 1368 propinata,
930 1313 1024 1356 reram
1042 1298 1197 1355 doctrinam
1223 1300 1414 1372 integramque
1432 1299 1608 1373 significanti
1623 1299 1735 1369 Quaerat

97 1390 229 1450 reetealsiit
244 1401 322 1446 trans
342 1387 455 1457 iratum,
472 1389 634 1460 algentium
649 1399 759 1444 secutus
771 1397 814 1444 est
826 1404 878 1460 po·
931 1391 1029 1465 aliquis
1043 1400 1071 1449 et
1083 1393 1177 1449 dicat:
1193 1393 1338 1461 Quomodo
1354 1408 1438 1465 panes
1454 1410 1507 1450 raon
1523 1395 1672 1463 habebant,
1685 1395 1733 1467 qui

97 1483 170 1554 tilios·
183 1479 251 1549 Quid
263 1487 357 1538 samm
368 1479 420 1538 sibi
431 1479 614 1552 teiitsiguum
625 1478 712 1549 lona,
726 1479 783 1549 iam
797 1495 878 1552 supra
930 1487 1023 1542 statim
1040 1487 1158 1557 impletis
1176 1497 1280 1559 septem
1297 1489 1410 1560 sportis,
1435 1487 1619 1545 ascenderunt
1637 1489 1664 1544 in
1685 1505 1734 1543 na-

95 1580 178 1634 dictnm
192 1585 244 1634 est.
930 1580 1063 1649 vicuium,
1077 1589 1104 1637 et
1127 1590 1262 1638 renerum
1276 1583 1303 1638 in
1324 1582 1392 1639 lines
1405 1581 1537 1652 iiagedan
1554 1582 1666 1653 :ibique
1685 1599 1734 1639 au-

123 1669 203 1740 (iers.
219 1668 247 1736 6,
261 1665 303 1730 il
319 1667 475 1738 Intuemini,
489 1677 513 1724 et
526 1675 640 1724 taucica
655 1671 783 1740 fumeum
804 1665 880 1722 Pho·
930 1671 1010 1729 diunt
1031 1673 1203 1746 nauigantes,
1220 1675 1292 1745 quod
1313 1691 1413 1732 msere
1434 1674 1582 1731 debeauta
1598 1675 1735 1733 iermento

96 1766 209 1820 rimarum
224 1769 248 1818 ct
263 1760 485 1820 sadduceorum.
500 1763 533 1817 At
547 1761 588 1818 iili
598 1760 747 1834 capitulam
761 1761 829 1816 iuter
840 1779 876 1830 sc,
929 1763 1132 1820 Pharisaeorum
1156 1774 1185 1822 et
1214 1765 1447 1823 Sadducaeorum?
1461 1765 1514 1823 Sed
1536 1765 1678 1838 Scriptum
1694 1776 1735 1824 te-

94 1857 188 1912 dicenter
202 1871 212 1911 :
228 1854 301 1924 Quia
315 1871 397 1925 panes
418 1872 470 1910 nora
500 1855 656 1926 occepimus.
682 1853 734 1922 oni
762 1863 839 1910 caret
865 1857 1103 1930 anstaturqnod
1122 1858 1200 1914 oiriiti
1214 1860 1271 1915 sint
1293 1874 1342 1917 eos
1367 1875 1461 1916 secum
1478 1859 1589 1917 tollere.
1612 1860 1671 1917 iioc
1693 1871 1739 1919 est

95 1949 208 2005 termento
221 1948 426 2005 Pisarisaeorara
451 1957 479 2004 et
505 1947 729 2013 Sadducaeorum,
744 1947 825 2018 Legis
845 1961 877 2004 ac
931 1948 1109 2018 termentum,
1125 1951 1160 2006 de
1170 1966 1224 2022 quo
1235 1959 1264 2007 et
1276 1951 1423 2022 Apostolus
1439 1952 1560 2022 loquitur
1574 1969 1583 2010 ι
1599 1951 1735 2009 liudierus

94 2042 175 2100 littere
197 2051 339 2116 precepta
355 2060 409 2098 non
426 2054 530 2110 serrat,
544 2042 708 2099 traditiones
731 2042 811 2115 120
831 2043 879 2096 ito-
933 2045 1088 2114 sumntum
1110 2053 1190 2099 totam
1211 2060 1324 2100 massam
1345 2046 1489 2115 corrumpit
1508 2043 1541 2118 (i
1562 2042 1624 2102 Gor.
1646 2061 1674 2114 r,
1693 2046 1735 2117 il).

94 2137 180 2194 minum
189 2137 315 2210 negligit,
328 2146 358 2194 ut
373 2137 456 2194 iaciat
471 2137 630 2194 mandatnm
643 2137 701 2193 liei.
931 2133 1089 2191 istiusmodi
1105 2135 1282 2205 iertnentom,
1298 2136 1373 2209 prrod
1385 2137 1459 2194 omui
1473 2138 1578 2195 ratione
1592 2137 1737 2195 uitandum

121 2231 200 2302 (lars.
217 2232 234 2289 8
246 2231 346 2305 sequ.)
358 2232 449 2290 Sciens
463 2229 646 2303 antemissas,
661 2232 727 2288 dicit
738 2232 796 2286 eis.-
810 2230 880 2300 Qur'd
934 2238 986 2300 εει,
1003 2228 1099 2284 lrabuit
1115 2229 1247 2296 Marcion,
1261 2239 1289 2285 ει
1301 2228 1475 2299 Valentinus,
1489 2240 1519 2286 et
1532 2245 1630 2288 omncs
1644 2237 1735 2287 aare·

92 2326 190 2396 raptatis
216 2325 290 2380 intes
310 2341 367 2394 uas,
385 2325 494 2381 modicas
508 2325 581 2396 fidei,
598 2325 660 2396 guia
673 2341 755 2398 panes
768 2340 820 2380 non
833 2322 882 2379 ita·
935 2323 991 2379 tici.
1015 2323 1192 2381 Fermeutum
1211 2325 1281 2380 itanc
1295 2326 1348 2381 sim
1363 2324 1457 2394 habet,
1473 2335 1503 2381 ut
1515 2325 1540 2382 si
1554 2325 1648 2382 isrinae
1668 2327 1740 2382 mix-2

93 2416 299 2474 tetistllcndum
308 2417 468 2489 intelligitis,
492 2433 574 2489 neque
586 2417 759 2472 recordamini
771 2416 882 2488 quinque
937 2427 994 2474 tntu
1022 2419 1123 2488 luerit,
1146 2418 1218 2490 quod
1243 2433 1358 2490 parvum
1386 2418 1546 2487 ridebatur,
1574 2430 1681 2476 crescat
1709 2419 1738 2476 itt

93 2527 181 2580 punam,
195 2511 348 2582 etquingae
361 2509 475 2566 millium
489 2509 635 2578 domiuum,
647 2518 743 2582 etcum
758 2508 883 2578 cophinos
936 2511 1045 2583 majus,
1081 2521 1109 2569 et
1138 2512 1173 2568 ad
1206 2527 1334 2584 saporem
1367 2527 1448 2568 suum
1482 2511 1639 2568 uttisersam
1672 2525 1740 2567 cott-

93 2603 237 2669 sumpsistis?
261 2602 359 2676 Ncquc
382 2613 479 2677 septem
505 2619 615 2676 parrum,
640 2610 752 2674 quatuor
771 2603 884 2658 suillium
938 2603 1109 2676 sparsionem
1127 2602 1180 2677 [Al.
1191 2603 1413 2678 conversionem]
1427 2603 1533 2659 trairst:
1549 2603 1584 2657 ita
1598 2612 1626 2659 et
1636 2602 1741 2658 dot-tri·

92 2695 216 2765 tantinum,
229 2707 255 2751 ει
264 2707 333 2769 quat
346 2705 448 2768 sportas
458 2695 627 2770 surnpristisi
642 2694 729 2764 Quare
742 2713 794 2750 uon
809 2696 886 2752 lutei·
939 2713 972 2752 ua
989 2696 1130 2764 haeretica,
1144 2696 1168 2753 si
1185 2697 1226 2754 tel
1237 2696 1374 2753 modicam
1395 2696 1542 2752 scintillam
1555 2697 1583 2751 in
1596 2706 1672 2750 tuum
1688 2711 1737 2765 pe·

93 2787 169 2858 ligitis,
182 2789 243 2860 qaia
253 2805 313 2844 raca
324 2789 357 2846 dc
372 2805 440 2858 pana
450 2789 505 2845 dial
520 2789 593 2845 uadis
605 2803 616 2844 .·
626 2787 720 2844 Cucctc
732 2807 749 2844 a
758 2790 884 2861 [armento
935 2799 995 2848 ctus
1007 2791 1117 2862 jecerit,
1143 2791 1171 2846 in
1196 2791 1273 2847 isresi
1291 2791 1389 2861 ingens
1408 2790 1516 2846 iiamms
1531 2789 1693 2856 succrescit,
1709 2798 1739 2845 et

95 2881 288 2949 i'tcrt'uccrum,
314 2891 339 2940 et
366 2881 582 2942 sadduceorum.
597 2882 672 2940 Tunc
685 2885 883 2952 intellexerunt,
936 2893 1021 2942 totam
1038 2885 1157 2941 lrominis
1179 2884 1427 2956 possessionemad
1442 2899 1473 2940 εε
1496 2881 1589 2939 tralrit.
1615 2881 1739 2954 lienique

93 2976 141 3044 guia
153 2993 200 3031 nau
212 2977 328 3044 dicerit,
347 2977 492 3032 cauendum
509 2993 526 3031 a
544 2980 670 3049 fermcmo
685 2993 793 3047 panaris,
809 2977 884 3034 seda
935 2980 1079 3052 sequitur:
1097 2977 1170 3034 Tunc
1180 2977 1373 3042 intellexerunt,
1388 2977 1450 3049 quia
1459 2993 1512 3032 raon
1525 2975 1633 3030 diruisset
1645 2990 1737 3031 caten·

93 3067 193 3124 doctrina
206 3068 411 3126 Pisarisoeorum
427 3080 451 3124 et
467 3070 684 3126 sadduceorum.
698 3070 751 3127 Per
763 3071 886 3129 occasio·
936 3073 1000 3128 dum
1016 3089 1033 3125 a
1048 3071 1175 3140 termam
1190 3087 1303 3144 parsum,
1317 3071 1362 3127 ssd
1375 3087 1392 3125 a
1406 3069 1526 3126 doctriua
1540 3066 1737 3123 Pisariscscruns

95 3175 144 3216 rtem
159 3163 303 3236 precepti,
315 3162 389 3234 quod
411 3162 538 3220 Salvator
554 3165 687 3236 Jusserst,
702 3164 797 3222 dicens
811 3180 821 3219 .·
833 3163 883 3222 Ca·
936 3175 960 3221 ct
972 3164 1190 3222 Sadducaeorum.

95 3324 148 3388 uite.
162 3325 219 3392 sed,
232 3328 311 3396 apud
325 3325 441 3392 Grecos,
465 3327 541 3383 addit
557 3328 608 3385 hoc
629 3328 656 3384 in
681 3328 817 3396 palerisous
831 3342 877 3382 co-
891 3332 914 3397 ο
930 3327 1031 3399 passim
1059 3326 1212 3395 laudamus,
1227 3341 1275 3382 eos
1291 3326 1383 3393 nabet,
1406 3337 1570 3396 quamquam
1584 3323 1675 3380 serbis
1692 3322 1742 3380 ali-

94 3395 182 3453 dlcilms
194 3399 366 3455 desiderari.
382 3399 483 3470 Estque
504 3399 621 3456 fortasse
642 3399 748 3455 lucilius
766 3399 878 3457 Grecos
931 3398 1242 3471 quarrttsperatutgata
1254 3398 1374 3454 abludat.

95 3469 211 3536 ein-modi
226 3473 354 3538 codices,
380 3481 427 3525 aut
451 3471 496 3541 qui
522 3472 618 3527 saitem
642 3486 768 3543 magnam
788 3485 882 3528 eorum
974 3471 1030 3527 'in
1049 3486 1105 3526 uno
1127 3471 1250 3527 alterove
1265 3486 1315 3526 ms.
1341 3468 1513 3526 consonantia
1526 3483 1536 3523 .·
1550 3482 1668 3538 moxque
1681 3467 1738 3522 ele·

97 3541 564 3614 renuumpartempretermittant,
581 3543 714 3608 invenire,
734 3559 813 3611 uuam
835 3543 885 3597 La·
936 3544 1055 3614 gastius,
1085 3542 1169 3614 pluuii
1190 3541 1256 3611 dies,
1286 3557 1336 3614 pto
1359 3538 1526 3616 plania.Sic
1550 3539 1622 3611 apud
1645 3538 1739 3594 illisis·

98 3612 164 3668 tinus.
177 3614 257 3670 Certe
268 3613 480 3685 antiquissimus
495 3623 589 3672 noster
601 3613 783 3684 Veronensis,
804 3628 886 3686 quem
939 3617 1054 3670 nauum.

1537 3766 1731 3788 *ἢ

586 3887 829 4002 LIBER
872 3885 1238 3998 TERTIUS.

124 4200 205 4270 (lars.
219 4200 371 4276 l3.l121
392 4199 467 4256 Venit
481 4197 660 4255 autenticam
676 4199 705 4252 in
726 4207 814 4270 partes
828 4195 886 4252 duc·
938 4213 998 4254 eam
1021 4195 1177 4254 Caesaream
1195 4197 1326 4269 Philippi,
1348 4204 1434 4252 etcst
1448 4195 1475 4250 in
1493 4195 1637 4266 prouincia
1656 4194 1741 4252 Pisae·

95 4310 163 4348 urea
177 4295 308 4369 Philippi.
325 4293 469 4365 Philippus
484 4293 535 4349 iste
550 4300 593 4348 est
609 4293 692 4347 irater
706 4289 834 4357 llerodis,
849 4290 885 4347 de
939 4294 1008 4349 uicis
1021 4312 1029 4348 a
1040 4293 1162 4348 imitatus
1183 4292 1319 4348 llemdem
1342 4303 1456 4362 patrem,
1478 4291 1525 4359 qui
1551 4290 1577 4346 in
1603 4291 1739 4347 horrorem

94 4403 140 4458 ouo
149 4407 225 4462 supra
236 4391 371 4458 diximus,
384 4386 671 4444 tetrarclraltnrmaeet
681 4385 886 4443 'lracltonitidis
939 4383 1054 4457 Augusti
1071 4382 1187 4440 Caesaris
1208 4385 1356 4456 appellarit
1379 4383 1545 4452 Caesaream,
1573 4383 1737 4454 quae‘prius

96 4486 239 4555 *regionis
260 4485 309 4556 qui
326 4484 353 4540 in
375 4481 506 4538 honorem
526 4479 630 4537 ‘liberii
651 4477 767 4536 Castris
789 4478 883 4537 Casa·
938 4480 1020 4538 turris
1035 4478 1170 4535 Stratonis
1189 4479 1338 4534 uocabatur
1352 4496 1359 4532 a
1375 4486 1403 4533 et
1417 4493 1449 4533 er
1465 4470 1578 4533 nomine
1597 4475 1661 4531 inlisa
1674 4476 1736 4545 eius

94 4591 166 4638 ream.
180 4597 242 4650 urta
259 4593 335 4635 nunc
356 4577 462 4634 Paneas
484 4574 595 4640 dicitur,
619 4574 785 4642 construxit,
807 4582 835 4630 et
855 4573 883 4630 itt
937 4571 1098 4628 ltuttadcm
1114 4582 1189 4627 trans
1202 4570 1351 4627 Jordanem
1365 4569 1511 4626 exstruxit.
1528 4569 1582 4625 istc
1596 4569 1657 4636 [Al.
1671 4565 1736 4641 ilie]

96 4669 213 4730 nutriorem
226 4671 358 4739 casaris,
375 4671 532 4742 pariterque
547 4669 588 4724 sui
602 4667 722 4723 nominis
736 4665 883 4738 appellavit
937 4669 1015 4726 locus
1028 4677 1071 4725 est
1083 4667 1217 4724 Cesarea
1233 4667 1369 4739 Philippi,
1386 4665 1431 4723 ubi
1444 4663 1573 4722 iordanis
1594 4666 1674 4737 122
1684 4661 1741 4720 ori·

125 4841 137 4868 ⁸
153 4831 258 4888 litiose
274 4833 304 4888 in
319 4831 400 4888 editis
411 4829 489 4884 libris
500 4829 601 4900 legitur
615 4829 642 4883 in
657 4827 767 4898 plurali,
781 4829 887 4886 ituram
902 4835 926 4896 l)
939 4831 1107 4888 lllralslssnus
1120 4847 1232 4903 auoque
1243 4829 1441 4903 pretermittit.
1454 4829 1514 4886 ilox
1526 4827 1673 4897 Aiiiadcm,
1689 4844 1741 4900 pro

95 4911 115 4956 et
127 4903 318 4960 Traclmnitirlis
338 4903 484 4976 regianum,
500 4915 561 4957 cum
577 4914 674 4956 carnes
688 4913 753 4956 mss.
777 4899 890 4958 codices
940 4901 1075 4959 Juliodenr
1090 4903 1165 4972 legit.

96 4978 171 5029 ansul
187 4979 331 5034 retineant
346 4975 514 5044 singularem
530 4987 685 5042 nanterum,
707 4981 729 5026 ct
745 4969 890 5028 Trucitcui-
978 4975 992 5012 b
1014 4975 1066 5030 Pro
1080 4972 1198 5041 drutiadc,
1224 4972 1389 5045 exemplaria
1412 4972 1536 5044 quisdam
1556 4973 1744 5040 manuscripta

98 5047 151 5100 titis
162 5049 290 5118 regionis.
306 5043 414 5101 Deinde
430 5043 513 5098 iidem
532 5042 597 5098 editi
614 5052 641 5098 et
657 5042 780 5099 nonnulli
796 5060 892 5099 ntanu-
943 5046 1063 5102 retinent
1077 5045 1223 5102 libiadem.
1248 5046 1317 5102 i'ilia
1334 5061 1401 5103 uero
1416 5045 1530 5114 Augusti
1553 5041 1671 5098 casaris
1688 5059 1743 5099 non

95 5119 177 5186 scripti
191 5119 306 5174 codices
316 5124 519 5186 consequenter
533 5115 698 5183 adjungunt;
714 5116 757 5184 qui
768 5117 795 5170 iu
809 5115 889 5171 iono-
943 5117 1092 5174 uocabatur
1105 5116 1178 5173 Liuia
1193 5121 1251 5174 sire
1263 5116 1355 5180 litte,
1371 5115 1419 5173 sed
1433 5115 1519 5170 dulia.
1533 5112 1612 5172 Unde
1626 5113 1743 5184 cortjicio

96 5205 140 5240 urm
163 5189 264 5246 liberii
285 5189 408 5252 Caturia,
426 5184 570 5242 Coesmcam
594 5183 725 5259 Philippi,
742 5203 801 5255 pura
823 5203 890 5241 uurrc
944 5203 1041 5244 errore
1054 5190 1254 5256 exscriptorum
1267 5187 1385 5257 positum
1399 5186 1484 5242 inisse
1498 5203 1597 5242 nonten
1609 5184 1745 5243 Aidiadits

99 5258 189 5314 l‘uncas
201 5262 302 5315 diritm
315 5257 474 5332 appellum
487 5266 511 5313 et
526 5265 576 5322 est,
588 5269 640 5312 etc.
653 5255 748 5312 Auctio
760 5257 890 5313 Codicum
945 5259 995 5315 nisi
1013 5261 1083 5316 torte
1095 5276 1173 5317 error
1183 5261 1220 5315 sit
1230 5259 1257 5313 in
1270 5274 1338 5315 roce
1350 5259 1423 5325 uilia,
1436 5275 1485 5325 pro
1496 5273 1549 5328 uua
1563 5272 1662 5312 nomen
1674 5273 1743 5311 uuo-

98 5347 156 5386 mss.
172 5334 338 5389 monasterii
350 5333 378 5388 S.
392 5330 512 5385 Andreae
525 5342 604 5384 sectus
619 5328 787 5384 Averrionem
804 5329 891 5400 magis
944 5332 980 5386 ris
995 5328 1076 5388 Lisia
1091 5331 1248 5399 ponendum
1264 5339 1339 5388 esset
1355 5348 1363 5384 ι
1379 5345 1442 5388 nam
1455 5345 1525 5386 uxor
1540 5329 1667 5396 Augusti,
1680 5341 1741 5382 ma·

96 5402 199 5525 piarunt,
222 5404 291 5474 quia
311 5400 482 5458 manilestior
505 5400 584 5454 trahis
603 5401 661 5454 uisa
680 5408 731 5455 εει.
753 5400 844 5456 Maur.
857 5429 892 5444 -
946 5413 987 5458 ter
997 5402 1100 5459 'liberii
1109 5401 1237 5467 Caesaris,
1250 5401 1395 5459 dicebatur
1405 5401 1482 5456 Lisia
1494 5416 1543 5457 seo
1556 5398 1641 5454 titia.
1650 5397 1743 5454 Mssa.

115 5483 186 5530 arura
204 5492 289 5546 priam
306 5475 333 5529 iu
357 5475 416 5530 suis
432 5488 497 5527 nass.
526 5471 700 5526 liartiamcus
714 5471 828 5540 reperit,
843 5487 892 5526 uo-
945 5472 1108 5530 -Credere
1122 5474 1211 5530 malim
1227 5472 1393 5543 abantiquis
1407 5471 1621 5528 amanuensibus
1636 5469 1742 5525 solsati-

96 5547 140 5600 stri
162 5561 261 5602 ornnes
286 5545 388 5601 haberit
412 5560 473 5598 curn
501 5543 607 5613 pridem
633 5542 748 5608 vulgatis
775 5543 890 5612 plurium
947 5555 1033 5600 tutum
1050 5547 1094 5600 iric
1107 5545 1179 5616 pilia,
1198 5561 1246 5614 pro
1260 5545 1361 5614 sacrm,
1373 5543 1445 5611 autad
1461 5558 1520 5597 eam
1534 5542 1672 5598 ciuitatem
1684 5556 1740 5595 raon

96 5629 216 5684 numero,
230 5619 370 5690 regionum
383 5633 393 5672 .·
407 5629 524 5680 masnile
549 5621 608 5667 tres
632 5611 747 5668 Palatini
774 5630 834 5668 cnm
849 5615 893 5669 Ci-
946 5615 1055 5671 aliunde
1069 5616 1200 5686 appellari
1226 5615 1347 5686 potuisse
1365 5614 1511 5677 iuliadeur,
1534 5628 1615 5684 utram
1633 5628 1649 5666 a
1668 5611 1741 5668 lulla

96 5689 246 5756 sarcienti,
266 5687 412 5745 Cauaseum
429 5685 558 5756 Philippi,
576 5701 714 5756 rpuananc
732 5683 834 5738 Paucos
850 5685 892 5740 di·
946 5686 1062 5756 Augusti
1089 5688 1143 5741 iiiia
1166 5687 1268 5743 luerint
1293 5686 1427 5741 arbitrati.
1453 5684 1547 5755 Neque
1562 5683 1634 5739 enim
1653 5681 1745 5753 potuit

97 5761 168 5825 citur,
182 5762 339 5836 appellarit,
355 5772 377 5817 ct
389 5767 425 5814 rat
436 5759 468 5828 iu
479 5757 612 5823 prouiuciu
628 5755 771 5820 Poenicis,
782 5767 837 5812 etc.
853 5757 892 5813 Ac
946 5759 1071 5829 ignorare
1087 5757 1281 5832 Hieronymus,
1297 5755 1402 5813 nomini
1417 5754 1523 5824 oraru,
1538 5771 1592 5811 nort
1607 5753 1671 5810 dliat
1685 5756 1743 5810 Au-

97 5845 183 5889 nescm
193 5850 228 5888 an
238 5849 371 5904 ger-trram
386 5831 472 5901 magis
486 5829 546 5884 hacc
560 5829 638 5884 lectio
654 5829 698 5892 sit,
714 5845 775 5900 quim
790 5837 818 5884 ει
830 5831 892 5883 ltre-
945 5829 1018 5900 gusti
1032 5828 1185 5886 dedicatam
1203 5831 1309 5892 urbem,
1326 5843 1387 5905 cuna
1412 5838 1440 5884 et
1465 5825 1601 5902 Iosephus
1615 5827 1654 5895 de,
1667 5825 1745 5910 Belle}

99 5904 161 5960 rior.
177 5903 248 5963 Cam
265 5904 398 5962 Palatinis
420 5913 449 5958 ει
462 5899 640 5958 cistertiensi
656 5903 721 5956 mss.
750 5899 830 5955 rerba
847 5899 893 5956 illa
946 5901 997 5958 lii).
1020 5906 1050 5968 ul
1073 5906 1135 5970 cap:
1162 5903 1207 5970 ii,
1224 5896 1319 5957 auctor
1333 5899 1378 5966 sit,
1396 5897 1555 5959 mdiiicatam
1575 5897 1626 5958 suls
1640 5895 1746 5956 Tllserit
