4000 6334
206 334 258 392 arr
827 329 858 388 s.
878 325 1016 388 suscott
1036 325 1227 387 uterentur
1807 317 1862 390 nri

474 447 620 507 tibulus
641 445 736 506 xxiii.
1022 443 1048 508 t
1062 446 1185 504 tribuere
1199 446 1403 506 vestimentum.
1415 447 1545 519 Quisnam
1557 457 1599 508 est
1613 449 1661 508 iiie
1673 451 1719 524 qui
1731 465 1767 507 ne
1777 465 1863 510 onum

205 565 246 622 Dc
264 579 300 621 eo
316 563 388 634 quod
404 563 539 634 scriptum
559 573 623 621 est:
644 563 711 620 llccc
723 563 824 619 accurit
848 562 884 616 ud
907 562 1010 617 redires
1063 540 1683 614 111111111111111111111111111111111111111111111
1699 543 1801 610 babet,
1814 545 1864 613 qui

243 637 369 692 orborum
381 637 468 708 positu
479 644 530 704 ert,
547 651 637 762 usque
650 635 685 690 ad
701 651 764 692 eom
779 635 870 690 locum
884 632 932 688 obi
946 634 986 686 ait
1002 649 1010 688 :
1064 631 1152 688 nudos
1163 640 1216 700 est,
1230 634 1277 706 qui
1287 635 1401 691 omnino
1415 636 1489 693 nulla
1502 647 1578 695 ueste
1590 637 1758 708 coopertus?
1769 635 1867 710 Neque

244 707 375 764 mmm
393 715 481 764 111111
498 717 523 763 11
543 705 566 762 Ρ
568 725 585 762 11
602 708 695 774 1111111»
714 716 742 764 ¹⁴¹
767 703 1011 777 111111111111111
1063 743 1129 786 vero
1144 727 1196 786 lroc
1209 729 1281 794 dico,
1297 746 1353 802 quo
1367 745 1420 787 non
1433 731 1606 804 precipiatur
1617 731 1782 801 liberalitas,
1794 741 1822 790 et
1833 733 1866 789 in

242 797 284 836 ⁶⁰⁸
300 778 368 850 ⁰³⁹·
384 777 429 835 ω’
1062 833 1196 891 properus
1217 821 1416 880 misericordia.
1434 822 1613 896 Hyperbolica
1636 824 1780 882 clementia
1799 842 1808 881 a
1831 833 1866 882 ut

246 914 499 985 toannmilloJam
515 911 1013 987 ternporeloquebator:Ecccrccu-
1062 913 1145 970 etiam
1178 912 1266 971 nudos
1292 914 1378 971 altera
1399 917 1487 972 tonica
1516 927 1701 990 protegimus.
1732 917 1787 976 Sed
1811 919 1868 974 troc

212 1030 250 1068 ru
263 1011 299 1066 od
313 1011 416 1067 radices
430 1010 556 1066 orborum
570 1009 657 1081 positu
678 1017 726 1064 ert.
743 1008 778 1063 Et
801 1007 936 1078 siquidem
955 1005 1012 1077 jam
1063 1004 1119 1074 aio,
1134 1006 1208 1077 qood
1219 1016 1246 1062 et
1262 1005 1465 1076 profundiorem
1481 1008 1557 1064 iocus
1571 1008 1626 1065 iste
1641 1009 1768 1080 respiciat
1782 1008 1869 1066 intel·
1986 1085 1987 1088 Ἴ

210 1106 354 1178 ingrueret
364 1102 582 1170 consummatio,
598 1110 627 1158 et
642 1113 795 1173 temporum
809 1099 874 1157 llnis
883 1099 1012 1164 instaret,
1063 1097 1177 1164 lectum,
1193 1105 1221 1154 et
1233 1107 1360 1170 oporteat
1372 1100 1397 1157 ei
1413 1099 1480 1157 dare
1492 1101 1612 1158 tunicam
1625 1103 1670 1174 qui
1681 1101 1795 1158 omnino
1808 1117 1868 1158 non
1986 1113 1987 1132 ¹

207 1197 284 1254 oolla
306 1196 372 1252 mibi
396 1195 512 1268 questio
532 1205 703 1251 nasceretur.
720 1194 847 1250 Dicerem
863 1191 937 1248 coint
960 1190 1013 1246 boo
1064 1188 1190 1248 habebat.
1205 1191 1273 1260 Quis
1287 1201 1329 1247 est
1341 1206 1408 1262 erpo
1418 1191 1480 1261 iste,
1494 1193 1540 1264 qui
1554 1192 1674 1250 tonicam
1688 1208 1744 1251 non
1758 1191 1869 1250 babeat

209 1290 282 1362 quod
293 1288 331 1344 ait
345 1305 352 1342 ε
368 1287 436 1344 licre
446 1289 546 1344 securis
559 1288 594 1342 ort
606 1288 707 1342 radices
717 1286 818 1342 orieris
828 1286 972 1359 positucrt,
984 1294 1014 1341 ct
1062 1280 1166 1354 Nempe
1187 1282 1233 1340 ille
1254 1282 1300 1356 qui
1316 1284 1425 1354 penitus
1440 1283 1525 1342 Deum
1539 1299 1594 1342 noo
1611 1285 1703 1342 babet.
1726 1285 1869 1343 Debemus

207 1381 295 1438 illud:
310 1381 401 1436 Omnia
410 1381 482 1437 euim
492 1381 570 1436 orbor
579 1396 638 1450 quoe
647 1396 700 1434 uon
710 1380 773 1450 iacit
781 1378 897 1447 {ructum
907 1378 1012 1447 bouum,
1064 1375 1147 1448 igitur
1168 1392 1270 1436 exuere
1286 1392 1346 1449 nos,
1370 1387 1398 1434 et
1421 1379 1447 1435 el
1469 1378 1534 1435 dare
1547 1379 1593 1451 qul
1609 1379 1763 1437 nudosest.
1787 1379 1869 1436 Alius

211 1474 379 1549 pruritum,
399 1483 424 1529 et
448 1474 478 1529 iu
492 1474 578 1547 iquem
594 1473 721 1539 mittetur,
736 1480 881 1543 propterea
894 1468 1015 1542 propbe-
1063 1467 1146 1526 babet
1159 1469 1242 1526 Deum
1255 1511 1263 1536 ‚
1277 1471 1348 1528 alius
1362 1471 1475 1529 omnino
1493 1487 1547 1529 non
1564 1471 1655 1540 babet,
1669 1473 1809 1530 contraria
1822 1472 1869 1529 ri-

211 1575 314 1634 tatum,
328 1567 393 1638 quia
415 1567 442 1622 in
459 1566 509 1621 iilo
531 1574 654 1637 tempore
668 1564 867 1636 complebatur.
883 1559 953 1620 Cum
966 1577 1016 1618 au·
1064 1559 1162 1617 delicet
1186 1561 1326 1618 lortitodo.
1348 1563 1382 1618 ttt
1402 1563 1540 1635 quomodo
1562 1565 1694 1636 seriptum
1712 1573 1765 1632 est,
1780 1575 1812 1622 ut
1837 1565 1868 1622 in
1987 1537 1988 1588 ³

211 1670 267 1719 tout
287 1669 363 1718 tanta
374 1669 437 1731 post
450 1659 551 1716 saecula
562 1658 701 1729 lluxeriot,
716 1664 812 1717 ettam
828 1656 1015 1714 innumerabi·
1065 1652 1200 1723 prolondo
1214 1653 1298 1711 maris
1312 1656 1514 1726 praecipitemus
1529 1656 1628 1714 delicta
1649 1666 1741 1716 nostra
1764 1655 1867 1731 (llicit.

209 1755 252 1812 les
266 1755 332 1811 anni
346 1754 441 1811 abillo
457 1764 580 1825 tempore
599 1768 685 1822 usque
706 1753 741 1808 ad
757 1760 923 1824 praesentem
939 1751 1014 1808 diem
1065 1745 1113 1818 111)
1123 1745 1177 1802 :sic
1187 1745 1283 1818 projici
1295 1763 1309 1801 u
1323 1749 1400 1805 1101118
1410 1758 1521 1822 01101101
1533 1750 1597 1806 11111
1609 1761 1692 1823 eluite
1705 1759 1869 1824 Deccfflsel

207 1851 380 1915 transierint,
404 1849 544 1921 quomodo
563 1847 683 1919 Spiritus
696 1856 810 1904 sanctos
832 1847 858 1902 in
879 1845 1015 1917 propbeta
1029 1835 1054 1898 tt
1065 1839 1157 1909 iacere
1180 1855 1264 1912 super
1277 1856 1339 1901 euro
1354 1844 1400 1914 qoi
1426 1858 1523 1902 eorum
1539 1846 1618 1904 nobis
1641 1861 1723 1904 causa
1746 1849 1868 1905 exstitit.

205 1943 281 2000 dicut
294 1961 301 1998 ε
314 1940 382 1997 Ecce
395 1941 495 1998 amoris
512 1941 547 1995 ud
558 1940 660 1997 radices
670 1939 795 1995 orborum
805 1938 892 2012 petitu
905 1947 956 2004 est,
967 1937 1012 1993 de·
1065 1929 1099 1984 Et
1109 1933 1154 2004 qui
1166 1931 1252 2003 lube,
1264 1934 1363 2005 iuquit,
1372 1935 1468 2006 cilum,
1482 1938 1602 1994 tt'tttt'litct
1614 1941 1705 2011 sudat.
1718 1939 1772 2010 Qut
1783 1940 1870 1998 babet
1988 2007 1989 2018 χ

207 2037 305 2094 bemm
315 2037 464 2108 inquirere.
476 2035 536 2104 liqo
547 2042 613 2104 puto
623 2032 776 2090 israelitico
786 2030 1014 2102 popolopropbe·
1063 2024 1140 2082 cibos
1164 2027 1266 2084 tribuat
1289 2043 1343 2085 non
1365 2027 1486 2097 babenti,
1504 2039 1533 2086 ut
1554 2045 1608 2089 non
1624 2034 1713 2088 solum
1732 2033 1759 2090 ei
1774 2033 1868 2090 vesti·

207 2130 274 2196 turi,
294 2129 367 2201 quod
390 2128 518 2200 praecisio
540 2127 601 2198 ejus
620 2125 712 2182 uicina
736 2127 782 2182 sit.
806 2126 855 2182 liis
875 2124 949 2182 eninr
967 2126 1013 2196 qui
1064 2126 1197 2188 mentum,
1213 2119 1261 2176 sed
1275 2122 1357 2176 etiarn
1368 2119 1396 2178 id
1406 2121 1478 2192 quod
1491 2123 1579 2194 possit
1590 2124 1747 2196 conredere,
1762 2126 1870 2198 tar-qia-

206 2221 421 2295 egrediebantur
433 2220 468 2277 ad
487 2235 562 2287 euru,
585 2229 615 2275 ot
634 2218 850 2290 baptizarentur,
871 2218 944 2274 inter
957 2233 1013 2274 cae-
1065 2217 1119 2267 tur.
1139 2209 1268 2267 Venerit!
1280 2219 1366 2268 autem
1378 2223 1402 2269 11
1411 2213 1544 2287 utillimis
1560 2215 1691 2286 1111111111
1704 2222 1737 2274 111
1749 2233 1792 2274 111·
1810 2219 1872 2276 11110

207 2325 268 2373 tcta
282 2315 447 2386 loquebatur
461 2311 571 2370 :Facite
580 2314 682 2387 fructur
693 2312 786 2385 dipuos
800 2313 1015 2384 punitentiu3et
1065 2310 1094 2357 11
1110 2302 1186 2373 justa
1211 2304 1362 2376 simplicem
1378 2306 1588 2379 intelligentiam
1603 2309 1687 2367 docet
1702 2311 1870 2382 publicanos

207 2411 287 2480 quasi
298 2407 400 2466 iudeis
410 2407 520 2464 dicebat
530 2425 537 2462 :
546 2406 589 2462 Nc
599 2405 732 2478 tuctpr'rttr
743 2405 830 2459 dicere
840 2405 868 2461 iu
877 2405 1013 2460 comanus·
1065 2394 1134 2452 nibil
1146 2398 1263 2468 amplius
1273 2414 1497 2474 quererequam
1509 2402 1535 2458 in
1546 2402 1618 2474 Leqe
1628 2412 1794 2476 praeceptum
1807 2414 1868 2473 est;
1989 2421 1990 2478 t

209 2505 286 2577 ipsit,
297 2511 396 2574 putrem
409 2501 533 2558 ltobemut
544 2500 686 2556 Abrabam.
698 2499 763 2555 Dico
775 2500 938 2559 enimvobis.
953 2498 1015 2570 putt'u
1065 2489 1204 2561 1111111111
1230 2493 1289 2562 plus
1312 2494 1463 2566 1118111111,
1492 2508 1547 2552 11011
1569 2494 1683 2554 1011111118
1706 2497 1869 2555 mandatum

208 2606 294 2671 potest
308 2596 377 2652 Deus
390 2613 422 2653 cs
439 2595 573 2666 lapidibus
591 2595 648 2651 istit
667 2594 793 2650 satutare
806 2595 876 2664 filios
889 2594 1011 2648 Abrabae.
1066 2583 1264 2654 wittericum,
1281 2587 1329 2644 sed
1344 2588 1463 2660 Spiritus
1484 2589 1572 2648 saootl
1585 2593 1632 2663 qui
1655 2592 1763 2650 locotus
1778 2603 1826 2652 est
1840 2594 1868 2651 in

207 2690 268 2748 lloc
282 2704 348 2762 erqo
362 2688 434 2760 quod
453 2687 491 2744 ait
507 2704 515 2743 ε
530 2684 704 2742 Eccesccurir
718 2687 753 2741 ort
774 2686 877 2742 radicet
891 2685 1015 2740 orborum
1065 2673 1181 2733 ioanne.
1193 2676 1290 2736 Nescio
1299 2687 1390 2738 autem
1404 2690 1506 2753 utrum,
1517 2691 1546 2740 ut
1557 2685 1705 2742 mitreum
1718 2689 1868 2762 mapsa,

207 2786 295 2860 posito
305 2793 355 2851 ert,
367 2782 470 2840 iudeis
481 2781 611 2852 loquitor.
623 2779 672 2836 Cui
684 2779 776 2836 sensui
787 2788 814 2834 ct
824 2777 1014 2848 Apostolicom
1065 2767 1139 2824 aliud
1159 2770 1286 2841 quiddam
1310 2773 1488 2831 excellentius
1502 2790 1593 2834 sermo
1607 2777 1764 2850 rtqrrrrtmr,
1785 2787 1818 2836 et
1832 2795 1869 2835 mr

208 2877 277 2933 illud
291 2874 538 2946 congemuimus
551 2887 614 2929 esse
629 2873 664 2930 ab
678 2871 730 2928 bac
739 2871 832 2929 securi
844 2869 1014 2927 inlidelitatis
1065 2860 1214 2917 debeamus
1225 2863 1251 2919 lu
1263 2863 1308 2920 tali
1321 2865 1458 2923 auditorio
1469 2883 1515 2925 res
1526 2876 1581 2924 tam
1591 2869 1721 2943 mysticas
1732 2871 1868 2942 prodere,
1990 2899 1991 2936 ;

208 2968 397 3043 mmo
412 2981 503 3020 ramos
515 2974 597 3035 arque
611 2963 747 3028 succiso„
763 2973 794 3020 ur
808 2970 1014 3034 amputaretur
1066 2953 1184 3011 maxime
1206 2955 1277 3014 inter
1296 2972 1346 3016 eos
1366 2961 1412 3030 qui
1434 2960 1637 3033 scripturarum
1652 2963 1786 3022 medullas
1809 2980 1868 3022 non

214 3060 315 3115 arbore
329 3073 383 3113 non
396 3056 529 3124 radicem,
544 3055 591 3111 sed
605 3070 639 3112 ea
650 3071 712 3126 qoae
726 3054 762 3111 de
783 3055 877 3111 radice
898 3054 1014 3126 pulluta-
1064 3047 1268 3122 introspiciunt,
1283 3053 1330 3110 sed
1342 3062 1447 3111 tautum
1461 3055 1607 3128 superficie
1619 3056 1801 3116 delectantur.
1815 3059 1871 3117 Pe·

212 3160 290 3219 runt,
306 3156 336 3206 ut
356 3150 383 3206 in
408 3147 501 3205 radice
526 3147 647 3218 pristinas
670 3147 793 3214 arboris,
819 3147 887 3203 rami
907 3147 1015 3218 possint
1065 3143 1211 3202 riculosum
1229 3145 1356 3218 quidem,
1372 3147 1421 3206 sed
1436 3157 1528 3206 umen
1553 3151 1669 3208 strictim
1689 3152 1870 3224 breuiterque

212 3243 325 3299 oleastri
341 3242 424 3298 inseri
448 3239 539 3314 (Rom.
564 3242 616 3311 nt).
641 3239 737 3296 Dmois
757 3254 823 3311 ergo
842 3238 936 3304 arbor,
952 3229 1050 3309 quaeG
1066 3237 1241 3308 tangendum.
1263 3239 1332 3296 Cum
1355 3241 1532 3299 exierimusa
1551 3243 1662 3312 secolo,
1685 3256 1713 3302 et
1728 3243 1789 3302 baec
1810 3245 1870 3302 uita

210 3333 482 3393 noolacitlructum
500 3333 624 3401 bonum,
648 3331 813 3403 praecidetur
826 3341 855 3389 et
875 3332 902 3388 in
920 3331 1011 3402 iqncm
1071 3338 1163 3385 nostra
1188 3329 1271 3387 luerit
1297 3336 1699 3407 cotnmutata.erutttquidam
1722 3336 1871 3396 inlloibos
1991 3349 1992 3400 ἶ

209 3429 338 3487 mittetur
353 3445 362 3485 ι
378 3427 451 3484 bunc
466 3427 539 3484 enint
552 3427 635 3482 linem
649 3426 742 3495 babet,
754 3435 785 3482 ut
804 3425 931 3484 incendio
944 3441 1013 3482 oon·
1069 3419 1163 3478 mundi
1180 3421 1307 3480 sedentes
1322 3425 1398 3482 velut
1419 3426 1624 3496 publicanorum
1639 3427 1731 3504 elicio
1744 3427 1870 3502 diligen·

209 3527 359 3578 cremetur.
376 3517 481 3575 Deinde
493 3529 549 3576 tres
562 3518 676 3575 ordines
691 3517 858 3574 inducuntur
871 3519 1014 3574 sciscitan·
1064 3513 1169 3570 tissime
1181 3525 1397 3586 perscrutantes,
1408 3518 1515 3592 nequid
1529 3522 1571 3577 sui
1581 3520 1607 3576 io
1623 3518 1702 3576 nobis
1712 3522 1867 3580 invenient.

208 3613 278 3668 tium
301 3610 435 3668 turonem
460 3625 544 3680 super
567 3611 656 3666 salute
670 3624 719 3665 sua
735 3625 742 3660 ε
759 3625 830 3665 unus
845 3625 927 3680 quero
940 3610 1013 3666 Scri·
1064 3603 1179 3664 Videtur
1192 3607 1257 3664 milti
1273 3608 1399 3684 princeps
1411 3611 1504 3670 saecoli
1518 3611 1598 3683 buius
1610 3613 1689 3683 quasi
1704 3613 1870 3684 publicanus

212 3717 293 3778 ptura
308 3702 455 3776 appellavit
469 3701 582 3774 populos
593 3713 727 3758 exeuntes
739 3703 772 3757 ad
787 3703 932 3773 baptisma,
944 3704 1013 3759 atius
1066 3719 1139 3770 esse,
1151 3704 1223 3761 unde
1237 3705 1369 3777 scriptum
1382 3716 1426 3764 est
1439 3707 1474 3765 de
1485 3721 1542 3764 eo:
1558 3704 1633 3764 Vertit
1642 3709 1761 3781 priucmt
1775 3712 1870 3766 mundi

211 3813 295 3870 quem
310 3796 469 3867 publicanos
480 3796 613 3864 nominat,
625 3794 723 3852 tertius
733 3794 779 3866 qui
791 3794 906 3851 militnm
921 3795 1014 3865 appel·
1062 3798 1149 3866 istim,
1164 3809 1189 3855 et
1206 3799 1235 3854 iu
1249 3816 1290 3855 ritu
1303 3798 1380 3856 babet
1398 3800 1465 3857 nibil
1478 3800 1570 3874 (locu.
1589 3802 1660 3875 rto).
1673 3803 1739 3860 illud
1754 3819 1869 3875 qaoque

209 3892 315 3950 latione
329 3898 469 3948 censetor.
484 3887 684 3961 iuterroqcbuut
697 3889 860 3954 cumturboe,
873 3889 1013 3944 dicenter:
1064 3888 1137 3961 quod
1162 3887 1189 3946 in
1213 3890 1345 3962 Apostolo
1372 3891 1488 3964 legimus
1507 3909 1515 3948 r
1537 3893 1648 3950 liedditc
1673 3894 1794 3962 omnibus
1817 3896 1870 3954 dc·

216 3986 287 4056 Quid
307 3985 454 4058 paciemur?
476 3982 528 4052 Qui
551 3982 709 4054 respondem
718 3983 777 4037 eit:
793 3981 846 4051 Qui
860 3980 935 4037 babet
948 3981 1015 4038 duas
1065 3981 1127 4046 bito,
1137 3984 1180 4038 cui
1193 3983 1329 4050 tributum,
1339 3985 1481 4042 tributum:
1491 3986 1533 4041 cui
1546 3986 1666 4060 uectipul,
1677 3986 1811 4061 ccctipal:
1825 3991 1871 4046 cati

211 4081 323 4147 tunicas,
335 4079 378 4133 det
392 4076 469 4148 siqui
482 4093 535 4131 uort
550 4076 627 4130 babet
640 4091 650 4130 .·
661 4085 686 4130 et
698 4076 743 4146 qui
756 4073 831 4130 bobct
844 4074 926 4144 cibor,
941 4073 1016 4130 aimi-
1065 4075 1330 4147 hermembertum
1337 4095 1348 4146 ,·
1358 4079 1455 4134 memini
1461 4081 1526 4152 quid
1536 4080 1648 4137 urorum
1659 4081 1710 4138 triti
1721 4083 1870 4138 utittm'cctu

212 4176 269 4230 titur
283 4173 374 4246 furiet.
389 4169 467 4239 Quod
482 4168 605 4241 quidem,
623 4171 716 4227 nescio
731 4170 755 4226 si
768 4169 1017 4228 turbaeconreoiat
1066 4168 1183 4242 ditipotir
1207 4169 1304 4242 (Dour.
1332 4169 1423 4244 xor),
1445 4181 1551 4230 sacrate
1577 4173 1785 4245 tutetttqeuorrm
1810 4185 1868 4235 est.

212 4266 338 4339 precipi.
351 4265 435 4335 llaqis
450 4262 523 4318 enim
537 4262 669 4333 apostolis
682 4277 763 4333 quant
777 4263 859 4334 rotgo
878 4261 1014 4335 congruit,
1066 4259 1249 4327 Quamobrem
1263 4261 1469 4320 consideremus
1482 4279 1518 4322 ne
1529 4263 1601 4322 torto
1611 4280 1673 4322 oum
1688 4280 1744 4322 non
1757 4266 1869 4324 babue-

213 4356 315 4429 utqui
339 4355 408 4411 duas
430 4354 538 4410 tunicas
561 4353 656 4420 babet,
675 4367 759 4408 unam
776 4355 880 4410 tribuat
898 4368 952 4409 nou
967 4353 1018 4409 ba·
1066 4353 1166 4420 rimus,
1190 4353 1261 4426 quod
1284 4369 1334 4427 pro
1354 4355 1479 4428 rectipatt
1504 4371 1636 4428 queamus
1660 4357 1785 4429 reddere,
1812 4357 1870 4431 ipsi

212 4449 302 4508 beuti,
318 4445 354 4502 Et
373 4454 403 4502 ot
417 4445 488 4501 scias
501 4446 588 4516 ntaqis
602 4444 655 4500 troc
667 4444 801 4515 apostolis
811 4459 894 4515 qoam
907 4443 1017 4515 populis
1067 4446 1209 4502 trahamur
1223 4448 1258 4503 ob
1277 4447 1414 4518 debitum,
1429 4458 1460 4505 ut
1472 4449 1543 4508 solet
1558 4449 1630 4522 apud
1649 4449 1742 4508 seculi
1757 4463 1870 4525 quoque

214 4539 383 4604 corruenire,
404 4537 468 4593 audi
490 4536 555 4609 quid
577 4552 593 4593 a
615 4536 759 4592 Satvatore
777 4536 884 4592 dicatur·
897 4535 932 4593 ad
945 4549 1016 4593 eos:
1069 4541 1128 4599 lieri
1142 4543 1305 4615 vectigales,
1319 4542 1429 4615 quaudo
1451 4544 1513 4616 quis
1527 4559 1577 4617 pro
1596 4544 1690 4602 debito
1704 4545 1757 4617 ipsi
1771 4545 1854 4619 reipu

215 4631 309 4703 Neque
322 4629 387 4685 dum
399 4631 501 4684 tuuicm
517 4628 614 4685 tolletis
623 4629 650 4683 iu
662 4629 705 4684 oio
716 4627 828 4699 (llettlu
840 4626 899 4701 n).
911 4629 1018 4700 Duplex
1030 4625 1055 4688 D
1068 4635 1147 4695 blicae
1161 4637 1312 4694 seruiturus
1337 4635 1494 4694 includitur.
1509 4637 1672 4709 Complures
1685 4653 1702 4696 e
1722 4638 1814 4709 nobis,
1833 4639 1870 4697 ab

216 4727 308 4798 itaque
332 4726 525 4782 vestimentum
548 4740 602 4795 qoo
623 4723 813 4797 unusquisque
836 4724 965 4791 vestitur,
989 4733 1018 4779 et
1067 4729 1224 4786 istiusmodi
1247 4729 1403 4801 publicanis
1415 4730 1525 4787 tenendi
1539 4738 1604 4787 sont
1617 4747 1624 4786 ι
1638 4744 1708 4802 quos
1721 4729 1806 4788 iacob
1820 4731 1870 4789 ille

217 4821 376 4896 precipitur
390 4829 422 4876 ot
434 4819 551 4904 alterum
566 4820 667 4876 tribuat
676 4836 731 4877 non
746 4820 870 4888 habenti,
884 4821 964 4876 aliem
976 4819 1018 4874 in·
1069 4821 1113 4876 tir
1125 4829 1235 4877 sanctus
1251 4835 1303 4878 non
1317 4835 1483 4893 magnopere
1498 4820 1673 4892 formidabat,
1687 4836 1739 4880 oec
1752 4823 1869 4880 uereba-

84 4925 93 4939 ·
216 4915 397 4985 telliqentiam
421 4922 510 4969 sonat.
536 4911 604 4970 tun
625 4915 697 4969 eninr
719 4929 770 4970 uos
792 4915 930 4977 Salvator,
949 4927 1019 4985 quo·
1069 4921 1125 4983 tur,
1148 4913 1225 4971 utde
1243 4914 1449 4986 publicanorum
1464 4914 1644 4987 vectigalibus
1665 4915 1694 4972 in
1714 4931 1748 4972 eo
1762 4914 1868 4987 aliquid

217 5008 303 5067 modo
317 5023 371 5062 uon
382 5005 517 5062 babemus
531 5004 640 5061 duobos
651 5005 754 5061 seruire
768 5004 900 5073 dominis,
913 5005 954 5061 sic
966 5020 1019 5062 nec
1067 5007 1247 5080 reperiretur.
1271 5007 1349 5067 Dodo
1367 5019 1395 5066 et
1409 5009 1542 5067 audacter
1553 5009 1587 5066 ad
1602 5008 1776 5081 publicanum
1787 5009 1866 5066 illum

216 5102 286 5161 duas
308 5101 409 5156 babere
425 5099 550 5167 tunicas,
567 5112 618 5153 nec
632 5095 735 5168 duplici
748 5105 823 5154 reste
841 5097 1016 5165 circumdari,
1067 5099 1232 5171 loquebatur
1247 5100 1339 5158 laban
1357 5119 1365 5158 ι
1387 5099 1519 5176 Gopuosce
1537 5103 1560 5158 ri
1575 5102 1641 5175 quid
1653 5103 1764 5174 {tucrum
1777 5119 1866 5160 rerum

217 5209 254 5250 ne
264 5195 299 5248 sit
309 5207 391 5248 onom
403 5189 592 5246 indumentum
604 5189 706 5246 ueteris
717 5189 848 5261 bominis,
862 5189 1016 5247 stulterum
1067 5201 1105 5249 est
1125 5195 1196 5267 apud
1215 5211 1256 5250 mc
1270 5193 1348 5266 (Gru.
1362 5192 1448 5267 xxxi).
1468 5194 1556 5266 Super
1576 5195 1649 5266 quod
1672 5195 1729 5266 aqu
1741 5194 1867 5252 testium

214 5288 292 5344 noui.
309 5285 470 5342 Ecootrario
490 5293 581 5340 autem
606 5284 691 5353 cupit,
716 5292 745 5340 ot
763 5284 952 5354 exspoliemus
967 5299 1018 5341 nos
1069 5284 1143 5340 nium
1156 5285 1297 5358 Scriptura
1310 5285 1425 5343 dicens:
1443 5285 1477 5341 Et
1489 5303 1542 5342 nou
1555 5288 1675 5358 copuouit
1689 5285 1781 5343 Lubcu
1794 5288 1865 5359 apud

215 5391 339 5437 ueterem
360 5380 518 5444 bominem,
537 5386 565 5434 et
587 5377 732 5435 induamus
744 5393 855 5434 nouum.
872 5379 1019 5452 Hucusque
1067 5375 1150 5434 Jacob
1163 5380 1311 5450 quicquum.
1330 5380 1415 5436 Docet
1427 5379 1510 5451 igitur
1523 5379 1754 5437 Salvatornoster
1767 5379 1867 5451 etSpi·

213 5472 303 5530 irritis
317 5471 453 5542 expositio
467 5477 521 5528 est.
537 5469 622 5526 Porro
635 5471 776 5542 quscritor,
792 5472 928 5543 quomodo
937 5472 1015 5542 iuxta
1069 5474 1136 5529 ritus
1151 5481 1260 5530 sanctus
1271 5473 1317 5546 qui
1329 5473 1435 5531 locutus
1445 5484 1486 5530 est
1502 5475 1529 5532 in
1543 5473 1697 5546 propinetis,
1712 5488 1765 5532 non
1776 5474 1867 5530 solum

216 5563 290 5620 bruc
312 5561 564 5634 interpretationem
587 5561 715 5633 jubeatur
729 5563 808 5620 nobis
823 5580 877 5619 non
901 5563 1013 5620 babenti
1067 5563 1201 5632 homines,
1225 5565 1404 5644 nsedetiam
1427 5565 1552 5638 angelos,
1576 5573 1605 5621 et
1629 5564 1746 5622 uirtutes
1768 5565 1867 5640 821·

253 5706 265 5732 ³
285 5696 376 5753 Sentit
391 5695 441 5752 boc
463 5705 520 5753 tota
538 5697 729 5765 peroratione,
756 5697 857 5754 nodum
880 5713 896 5753 a
916 5696 1015 5754 Salva·
1070 5699 1224 5770 proiecisse
1238 5702 1271 5758 nd
1287 5703 1413 5760 salutem.
1426 5703 1461 5760 Et
1475 5703 1608 5776 siquidem
1624 5720 1678 5761 noo
1694 5705 1867 5763 absolutissi-

219 5775 290 5830 torr,
303 5767 352 5822 sed
366 5778 418 5823 eta
435 5768 586 5851 prophetis,
601 5779 630 5826 et
643 5769 753 5825 demum
765 5772 799 5824 ab
815 5769 1016 5852 Ecclesiaedo·
1069 5785 1146 5854 mam·
1158 5772 1305 5856 Dominioae
1320 5776 1524 5858 incarnationis,
1538 5776 1652 5860 ejusque
1670 5778 1866 5851 mysteriorum

216 5847 275 5898 ctus
289 5837 398 5905 ampelos
411 5854 471 5908 qum
482 5850 624 5906 rescirent,
636 5855 740 5912 perque
754 5856 849 5897 eorum
863 5840 1015 5898 doctrrnunr
1068 5851 1252 5914 coqottronem
1272 5845 1400 5904 babutsee
1411 5847 1523 5920 strpelos
1535 5847 1660 5917 dtutsset,
1675 5849 1713 5906 lta
1727 5858 1818 5908 umen
1836 5855 1866 5904 ut
