4000 6334
117 300 180 360 rtet
238 366 245 372 ,

573 292 792 355 ιιιιιιιιιιιιιιι
808 292 843 355 ta
862 292 1033 357 retanda.
1054 286 1181 355 isaar.
1198 286 1281 356 sir.
1327 345 1330 351 .

1690 298 1761 357 llssi

114 412 478 487 meruea'psurmemmdum
492 413 675 471 umdittmem
687 413 825 485 eorporis,
839 413 907 471 nibil
919 416 947 479 Α
957 416 1072 489 grauiam
1083 414 1157 473 diei:
1174 424 1303 473 masura
1318 416 1407 474 el'atm
1422 418 1449 473 itt
1461 418 1631 490 superbiam,
1647 428 1701 473 aen
1715 431 1761 475 me

111 526 182 570 mse.
202 510 261 567 Nau
283 511 416 569 artenia
443 508 544 567 redas
570 512 596 565 ‘m
623 508 777 565 erabdtmtia
795 518 904 579 nostru,

110 603 161 663 sed
178 603 276 659 ‘ambra
294 610 356 672 eei,
383 614 412 659 ιι
430 604 509 674 quasi
530 601 712 659 utendaeiam.
731 600 762 658 lu
781 604 907 659 substan·

112 700 149 755 tiu
167 697 303 769 rorpurnli
323 698 402 767 dica,
421 714 476 754 non
497 698 528 755 itt
548 697 649 754 anima.
671 696 706 754 tlt
723 696 796 770 qrrotl
819 697 905 769 dida,

112 794 164 851 laer
189 802 233 849 eet
259 812 267 847 :
292 792 414 850 bureau
438 792 556 851 {lauriae
584 794 610 849 ia
635 793 745 865 regione
768 794 905 851 virorum.

112 889 167 949 sm
182 890 311 961 ungimus
330 888 475 945 hemmam
493 889 601 957 vitam,
621 897 650 945 et
666 888 844 945 considerans
863 888 907 943 di-

114 996 205 1038 uersus
229 994 365 1046 error-er.
398 996 454 1037 neu
487 980 597 1036 laurada
625 980 767 1037 veritatem
798 982 824 1034 ln
856 980 908 1035 boe

111 1070 222 1129 narrarle.
237 1070 377 1144 mquam
392 1087 426 1129 ex
444 1084 519 1145 porte
530 1072 730 1145 cognoscimus,
742 1081 768 1129 et
781 1088 813 1128 ex
831 1080 907 1143 omme

113 1164 306 1237 prophetamus
331 1166 372 1237 (ll
392 1164 453 1222 Cor.
479 1164 534 1239 ml.
560 1166 710 1238 Propterea
736 1166 796 1222 dieo
816 1183 823 1220 :
842 1164 908 1221 Om-

113 1274 146 1313 ne
156 1257 230 1329 qued
248 1258 386 1329 ridemus,
400 1274 485 1316 omae
497 1258 771 1331 anodiutelligimus,
793 1258 906 1315 merida·

109 1351 179 1407 dura
193 1362 246 1408 est.
266 1350 409 1422 Quomodo
422 1352 507 1425 igitur
522 1353 692 1410 mendacium
709 1356 769 1410 esti
795 1352 906 1410 blenda·

110 1445 178 1499 tiam
206 1442 251 1501 bie
275 1444 363 1513 elisit,
386 1447 465 1517 parisi
480 1446 616 1513 umbram,
631 1449 709 1519 quasi
736 1445 904 1521 imaginem:

108 1538 337 1609 menstrosam
352 1540 452 1598 uram
466 1542 495 1597 m
506 1542 560 1599 utro
574 1542 650 1598 roeo:
669 1520 861 1599 remissam
878 1542 905 1599 a

958 510 1063 567 biberit
1078 509 1191 567 aetitia.
1203 508 1256 566 Sed
1265 510 1333 582 quid
1348 510 1421 567 leeil
1434 508 1597 568 flonetius·
1604 523 1663 567 aem
1673 510 1762 567 nimir.

958 603 1060 660 Tarae·
1079 603 1153 675 quod
1163 603 1244 688 derel
1258 619 1398 671 sermore,
1411 604 1488 675 potui
1499 615 1528 661 ιι
1540 602 1694 660 bumilitate
1708 602 1760 660 tle*

957 710 1030 754 uere.
1043 697 1100 770 lipo
1113 698 1169 753 diri
1183 699 1211 753 io
1228 714 1335 754 ιιιιιιι
1349 716 1425 755 uteo:
1441 699 1532 755 Oarrria
1544 700 1623 756 bomo
1636 698 1760 755 ritem

959 788 1106 858 boseham,
1121 788 1218 861 inaruit,
1234 790 1399 861 discipulum
1413 806 1514 858 meum,
1531 800 1560 849 et
1579 791 1760 848 emerseram

958 883 1215 953 contemptationem
1244 886 1399 952 ωιιιιιιιι,
1412 896 1444 943 et
1464 888 1587 958 rogitans
1604 885 1757 943 diviniora:

957 977 1081 1035 intellexi
1094 994 1177 1036 omae
1190 978 1263 1051 praed
1286 968 1475 1048 lambuerit,
1490 996 1553 1039 erse
1571 978 1755 1038 mendaeinrou

957 1070 1027 1142 Qrtitl
1049 1074 1121 1129 euim
1137 1076 1260 1131 veritatis
1272 1084 1434 1147 potestesse
1453 1078 1480 1131 ia
1495 1075 1548 1132 beo
1560 1074 1681 1144 maudo,
1694 1092 1757 1134 enat

956 1164 1053 1221 mutim
1067 1166 1102 1221 sit
1116 1167 1171 1223 rita
1181 1177 1277 1225 eastra
1290 1184 1376 1240 super
1391 1179 1492 1225 terram
1502 1169 1514 1224 ‘t
1526 1168 1555 1227 Si
1567 1183 1632 1241 ergo
1644 1169 1691 1241 oei
1703 1170 1758 1225 tle·

957 1260 1003 1314 eil
1014 1258 1190 1331 discipulum,
1200 1262 1349 1319 mndtetnr
1358 1261 1430 1333 quad
1445 1262 1535 1317 omnis
1546 1260 1628 1319 bomo
1641 1261 1759 1319 mendax

957 1361 999 1407 est
1012 1370 1018 1408 ι
1033 1362 1135 1424 armato
1150 1352 1236 1425 magis
1246 1354 1397 1426 diseipalus
1411 1371 1465 1409 oon
1476 1353 1559 1411 debet
1570 1368 1602 1409 se
1612 1353 1757 1423 extollere,

957 1456 984 1501 et
998 1446 1175 1503 estimarese
1188 1446 1292 1517 aliquid
1306 1446 1387 1503 ease?

995 1536 1065 1606 Qtrirl
1077 1538 1217 1594 retribuum
1231 1537 1355 1609 Domino,
1378 1554 1428 1613 pro
1438 1541 1555 1595 omnibus
1568 1553 1628 1612 pete
1637 1531 1757 1595 retribuit

110 1630 223 1703 imagine
234 1634 402 1703 pertransiet
419 1634 500 1690 trouu
512 1630 600 1706 (Paul.
615 1634 851 1707 axrrrrrl.l2:1dem
865 1634 906 1691 iu·
956 1631 1182 1701 mititQuoniam
1197 1632 1278 1698 dixit,
1292 1632 1407 1705 plaeeba
1424 1630 1538 1689 {lomina
1552 1633 1578 1689 iu
1589 1633 1700 1706 regione
1712 1629 1757 1689 'nl-

110 1724 253 1795 telligemia
279 1735 308 1781 ιι
333 1742 404 1782 nune
418 1725 533 1783 dieitur:
559 1728 649 1783 otonis
670 1727 751 1784 herrm
776 1728 903 1797 oreades,
956 1728 1174 1793 verumetiam
1190 1728 1277 1798 ipsam
1290 1726 1416 1796 credidi,
1440 1738 1550 1797 [irruitur
1563 1726 1634 1798 qtrod
1649 1728 1757 1784 loeutus

110 1818 157 1874 irae
168 1829 219 1888 est,
231 1820 322 1877 omnis
336 1821 535 1879 iromaumbro.
552 1822 610 1877 iloe
626 1832 716 1880 etitem
731 1821 847 1877 dicimus
860 1838 904 1877 se·
918 1824 942 1885 Β
956 1836 1027 1889 sum,
1049 1830 1077 1877 et
1092 1820 1250 1877 inmittatur
1265 1836 1325 1877 sum
1339 1820 1432 1886 aionis,
1446 1830 1474 1877 et
1486 1819 1555 1885 diui„
1568 1818 1656 1876 amuis
1671 1819 1755 1877 berna

107 1910 219 1969 eandum
231 1908 566 1973 liebraieamneritetem.
590 1914 850 1989 Loquaumrantem
874 1919 901 1971 ιι
960 1912 1150 1969 rneadateittm.
1176 1913 1269 1969 omnis
1295 1912 1377 1969 bomo
1409 1913 1524 1979 nntbra,
1547 1913 1638 1968 amaris
1672 1913 1754 1970 boma

107 2005 249 2065 seeundum
262 2006 445 2081 Septuaginta
458 2010 639 2081 interpretes.
669 2008 745 2066 Dicat
766 2010 837 2065 enim
851 2008 902 2064 ali·
957 2006 1047 2076 image
1057 2006 1069 2059 ‘l
1081 2022 1132 2078 pm
1147 2005 1232 2063 teritis
1242 2006 1396 2073 benefieiis,
1407 2008 1507 2078 quilius
1518 2007 1634 2079 placebo
1641 2007 1756 2064 ῡιιιιιιι

108 2100 175 2170 uuis,
189 2101 257 2173 quid
272 2102 308 2159 atl
326 2118 372 2159 me
394 2102 459 2175 quid
475 2103 609 2160 habeatnr
631 2105 656 2159 in
669 2103 827 2160 Hebraico?
851 2118 903 2175 ego
957 2098 982 2153 ia
998 2099 1252 2169 regionarirorum
1268 2098 1332 2169 quid
1345 2098 1433 2154 babeo
1445 2098 1557 2172 dignum
1573 2099 1644 2169 quod
1655 2098 1695 2155 illi
1710 2113 1755 2155 re·

108 2192 253 2250 Ecclesiam
267 2209 379 2267 separor.
400 2192 457 2269 Epa
481 2195 539 2251 diei
561 2198 587 2251 io
599 2212 704 2253 recessu
717 2210 796 2251 meo:
811 2192 903 2253 Omnis

106 2286 178 2341 lama
193 2287 317 2343 orandae.
340 2287 442 2344 ilerum
458 2288 525 2345 dioit
539 2288 637 2355 barte.
654 2303 687 2345 au
711 2291 852 2346 mentitur.
872 2290 902 2348 Si

105 2391 193 2439 rerum
204 2392 261 2451 est,
281 2382 371 2439 omuls
385 2386 468 2440 trama
482 2384 612 2453 meudun,
628 2392 655 2441 et
667 2384 718 2440 ltoe
733 2384 804 2457 quod
824 2386 899 2455 dieii,

106 2476 183 2530 omnis
194 2476 274 2532 lema
286 2477 410 2543 mordes,
437 2489 532 2533 nerum
548 2487 601 2543 est,
613 2487 717 2549 ergoet
732 2475 790 2549 lpse
804 2480 902 2535 meoti-

104 2576 155 2641 tur,
169 2569 232 2641 quis
254 2570 356 2643 etipse
372 2570 560 2628 hauseram
585 2553 676 2627 auteor'
687 2580 715 2627 et
729 2571 787 2641 ipse
803 2572 901 2627 meuti-

105 2672 153 2730 tur‚
166 2670 231 2734 ergo
244 2662 302 2717 lane
316 2662 388 2732 oaod
402 2662 484 2732 dixit,
501 2662 595 2720 Ootnir
611 2663 687 2719 beroa
706 2664 828 2732 bruodra,
844 2680 899 2721 arra

106 2766 144 2813 est
165 2769 275 2813 remum.
297 2757 614 2829 Quaeumonererteris,
629 2760 657 2814 lo
672 2760 839 2815 rotrardum
857 2774 900 2815 re·

103 2852 148 2909 ait.
166 2852 196 2906 Et
209 2852 338 2923 qrroaiam
353 2852 412 2923 ipse
425 2848 506 2907 iterna
520 2862 578 2917 est,
596 2860 662 2925 ergo
677 2854 735 2923 ipre
751 2853 897 2920 mentitam

101 2944 541 3013 quadmmtstmmomeadatest.
552 2946 898 3018 Ergoaliogeuerememi-

103 3035 420 3109 torvidetisetgmquia
427 3038 573 3111 syllogismi
584 3047 647 3094 sum
658 3038 895 3109 philosopherum.

102 3130 217 3204 benique
228 3130 467 3188 seemrdrtmbaue
477 3134 638 3189 sententiam
655 3133 756 3191 texitur
771 3134 895 3205 syllogis-

956 2193 1093 2248 tribuamt
1119 2194 1175 2265 ligo
1190 2204 1261 2250 terra
1273 2208 1347 2263 snm,
1364 2208 1415 2265 epu
1429 2193 1500 2249 riuis
1524 2209 1604 2249 snm:
1629 2190 1755 2264 promisit

955 2284 1032 2351 aiibi,
1046 2286 1109 2357 quia
1119 2285 1236 2359 placebo
1248 2287 1288 2343 itti
1302 2287 1329 2342 io
1344 2288 1456 2359 regione
1471 2287 1615 2344 rivorum:
1631 2287 1696 2343 leeit
1708 2301 1754 2345 are

954 2380 1126 2450 magistram.
1143 2376 1259 2446 Credidi,
1277 2389 1383 2453 propter
1403 2380 1474 2453 quod
1484 2368 1586 2436 loculus
1599 2391 1666 2435 rum.
1682 2371 1753 2448 Quid

955 2474 1044 2530 babeo
1066 2474 1189 2545 dignum,
1210 2474 1282 2547 quod
1308 2476 1347 2530 illi
1364 2490 1413 2547 pre
1427 2475 1509 2531 tantis
1522 2473 1754 2531 benefieiisrotri·

953 2567 1052 2623 littam?
1065 2569 1260 2641 erodeuruqoe
1270 2569 1309 2625 iili
1319 2569 1432 2637 dedere,
1448 2568 1535 2641 ipsias
1547 2577 1601 2630 est.
1623 2579 1649 2624 et
1664 2572 1752 2641 anapia

954 2658 993 2715 illi
1010 2652 1199 2733 reddo'quam
1214 2661 1298 2717 done.
1315 2661 1387 2717 tiilril
1401 2661 1476 2717 aliud
1490 2662 1578 2719 babeo
1591 2708 1598 2733 ‚
1612 2662 1686 2734 quad
1701 2663 1752 2733 ipsi

952 2758 1111 2829 retribuam,
1125 2761 1176 2817 nisi
1188 2776 1241 2833 pra
1255 2761 1315 2833 ipse
1328 2748 1486 2832 sanguinem
1498 2758 1622 2829 triadum,
1638 2760 1688 2816 nisi
1702 2774 1753 2832 pre
1782 2751 1785 2759 ’

951 2853 1011 2923 ipsu
1026 2864 1130 2926 martyr
1145 2856 1268 2910 existam.
1285 2854 1350 2911 lime
1369 2862 1413 2911 est
1425 2854 1482 2910 sola
1498 2854 1643 2910 retributis
1655 2854 1751 2927 digna,

951 2964 999 3019 pro
1028 2949 1161 3021 mrrpaine
1186 2950 1347 3021 sarrpuiaem
1376 2948 1552 3017 retribuere,
1591 2958 1621 3005 ut
1643 2948 1751 3009 liberati
1849 2964 1856 2973 ·

948 3060 964 3099 a
977 3044 1129 3111 Subolem,
1144 3059 1193 3113 pro
1209 3042 1352 3099 salvatore
1378 3042 1496 3099 libenter
1515 3038 1674 3114 sangninem
1689 3054 1753 3113 pre·

953 3134 1107 3191 iutttlautus.

102 3233 156 3278 mar
163 3224 331 3281 tristtuelis.
339 3224 720 3297 marquetrditiszboouere
727 3226 896 3284 adulterum
912 3218 934 3281 G
988 3226 1101 3283 Culicem
1113 3228 1238 3284 relaturis
1252 3228 1391 3302 arripiam,
1406 3238 1429 3283 et
1447 3244 1541 3284 odaren
1553 3228 1659 3284 llootioi
1676 3229 1752 3283 inro-

101 3317 298 3387 aimeatiris‚et
312 3320 485 3375 reruntdirir
496 3320 568 3391 quod
581 3320 705 3377 mentiris
716 3322 899 3393 :erperoerttb
951 3322 1025 3377 coba.
1046 3322 1075 3377 lo
1090 3319 1224 3377 liebraieo
1237 3323 1274 3376 ita
1290 3321 1389 3377 babet:
1402 3320 1515 3377 Calicem
1530 3318 1597 3376 dem
1611 3320 1751 3395 accipiam.

100 3410 144 3464 ris.
155 3410 253 3467 liuere
266 3410 437 3483 maoodoin
448 3411 614 3469 eattlratlum
629 3414 897 3471 vertituraemeutia.
953 3416 1010 3471 iloe
1025 3416 1113 3487 ipsum
1129 3428 1152 3472 et
1169 3417 1290 3489 Angelus
1303 3418 1508 3485 iuterpretatur.
1523 3417 1555 3472 m
1567 3416 1677 3473 vorabis
1702 3431 1753 3473 uo·

103 3501 166 3573 Quid
181 3504 256 3560 enim
271 3503 337 3562 dicit
349 3522 356 3559 ε
368 3504 390 3561 0
403 3510 433 3561 ta
449 3508 494 3576 oui
512 3522 618 3563 tuream
630 3507 752 3580 loqueris
766 3523 771 3561 :
786 3511 808 3564 si
824 3522 900 3564 mem
950 3522 1011 3565 men
1027 3510 1086 3579 eju.
1099 3507 1193 3565 lesum
1211 3507 1288 3580 (bae.
1301 3506 1343 3577 rit
1360 3511 1417 3578 ipse
1432 3509 1508 3563 euim
1531 3508 1647 3564 satiabit
1668 3523 1752 3582 pupu-

103 3598 167 3665 tiris‚
184 3596 401 3655 etreruatrdieis
415 3598 570 3668 baelpsum
585 3601 656 3674 quod
671 3604 811 3658 atoritirls:
833 3610 898 3673 erge
952 3604 1008 3659 lom
1032 3618 1122 3660 suom.
1138 3605 1258 3661 calisam
1283 3618 1350 3677 erpo
1369 3606 1434 3663 iesu
1461 3606 1607 3677 recipiam.
1623 3604 1689 3673 Quis
1710 3609 1756 3662 est

102 3690 229 3759 mentiris,
243 3696 273 3748 ιι
284 3692 414 3748 iraeadem
430 3701 558 3750 seimonu
572 3696 611 3763 tt,
628 3704 758 3753 utverum
774 3698 857 3763 dieat,
871 3703 899 3755 el
949 3698 1000 3755 iste
1016 3700 1085 3755 calix
1101 3699 1189 3756 lesut
1203 3700 1293 3764 Pater,
1314 3700 1337 3755 ai
1351 3700 1483 3770 possibile
1497 3708 1685 3764 matranensi
1701 3698 1752 3757 iate

101 3784 257 3838 mentiatur.
271 3777 419 3854 Propterea
434 3784 586 3843 leotamesl
596 3787 623 3841 ia
633 3788 896 3859 Apostttlo:lidete,
949 3790 1020 3847 ealix
1035 3806 1049 3845 a
1064 3806 1108 3845 rue
1124 3790 1202 3864 (Lac.
1216 3791 1294 3863 χιιι).
1312 3791 1346 3846 Et
1362 3791 1490 3861 potestis,
1509 3791 1612 3863 iurauit,
1637 3789 1752 3848 salicem
1840 3803 1844 3822 ¹

100 3884 131 3925 ¹¹²
145 3873 203 3944 quir
217 3886 270 3930 aas
282 3874 460 3949 Maielli&
474 3876 675 3949 philoromum
694 3888 722 3936 et
736 3890 833 3936 vanam
849 3880 898 3936 de⁴
949 3900 1040 3941 meum
1065 3885 1179 3941 bibere?
1192 3886 1226 3941 Ει
1244 3885 1378 3941 continue
1391 3884 1532 3956 sequitur:
1561 3882 1678 3939 Calicem
1689 3882 1750 3952 orri-

99 3964 251 4034 eeptiaaem
274 3966 440 4039 bammum,
467 3970 615 4026 seertudum
643 3973 776 4029 elementa
803 3972 897 4031 maadi
948 3980 1009 4037 dem
1034 3994 1124 4035 menta
1147 3978 1246 4035 bibetis
1267 3976 1447 4052 (matrimi).
1464 3976 1522 4033 llae
1549 3989 1639 4033 atatem
1666 3990 1751 4047 qnare

98 4054 206 4127 (Cim
223 4058 266 4131 tt).
287 4060 455 4118 turrenorum
481 4066 553 4120 ellim
583 4064 734 4137 ehilusdphl
763 4079 827 4122 artas
850 4067 896 4122 de·
948 4072 1071 4130 aititur
1091 4072 1400 4144 intelligamurealieem
1428 4071 1563 4142 passienis
1586 4068 1748 4141 martyrium

98 4150 236 4221 reprimes
255 4164 292 4208 et
310 4152 421 4227 preprit
438 4164 512 4213 erte:
533 4158 670 4229 quomoda
685 4158 711 4213 lu
727 4156 824 4215 eodem
839 4172 897 4216 ser*
948 4180 1018 4223 esse.
1034 4165 1150 4223 Grandis
1164 4180 1208 4220 res
1223 4173 1266 4219 est
1288 4164 1461 4236 martyrium.
1478 4164 1624 4230 Quomodo
1637 4150 1748 4233 gratidis

97 4256 186 4315 iiim»
201 4254 230 4304 ei
247 4255 311 4304 leli
325 4248 388 4321 illst
411 4250 495 4315 lieet,
511 4261 537 4307 et
547 4254 709 4310 malilitiam
724 4252 779 4310 Nol
802 4264 893 4313 autem
946 4264 1012 4321 resi
1025 4264 1159 4333 Quoniam
1183 4262 1313 4319 retribuit
1326 4261 1442 4317 [lamine
1454 4259 1526 4331 arrad
1542 4259 1647 4331 aceepit
1662 4273 1677 4313 a
1694 4258 1747 4315 Do·

98 4338 217 4400 dieamus
229 4342 317 4401 llurid
327 4354 391 4401 vera
406 4344 521 4414 distare,
537 4348 607 4419 puatl
622 4350 710 4405 uniaris
726 4351 808 4408 bama
819 4367 896 4409 men*
947 4358 1033 4414 mine.
1050 4356 1177 4415 Christus
1193 4372 1242 4428 pro
1258 4354 1319 4427 ipse
1334 4365 1496 4427 pausarent,
1510 4362 1538 4409 et
1564 4353 1610 4409 ille
1624 4368 1674 4425 pru
1699 4368 1750 4409 nu.

98 4430 158 4487 dli·
170 4430 309 4505 illabili
334 4436 581 4509 horribilitatem,
595 4442 759 4499 mentimur:
785 4446 894 4516 quartale
947 4452 1020 4507 mine
1042 4450 1127 4523 ipsios
1151 4450 1264 4521 patitur.
1278 4448 1412 4519 Quoniam
1425 4446 1545 4503 diximus
1558 4446 1630 4518 quod
1645 4455 1750 4522 martyr

82 4533 185 4583 ,matera
212 4528 417 4601 meridiandi,
446 4532 596 4591 desinimus
612 4538 731 4595 mentiri.
748 4538 798 4595 lllrl
819 4540 891 4596 euim
947 4544 1014 4601 nibil
1029 4545 1103 4602 aliud
1130 4543 1213 4601 lrabet
1232 4545 1305 4616 qnod
1321 4541 1456 4598 retribuat
1470 4541 1596 4613 llomine,
1613 4550 1643 4598 et
1658 4541 1751 4599 bomi-

98 4630 158 4677 sunl
177 4623 370 4682 emulatitlttes
384 4634 413 4682 θῑ
425 4628 616 4685 mutuationes
632 4632 658 4686 ln
673 4632 772 4699 Vobis,
801 4644 893 4689 nonllll
907 4620 933 4683 n
946 4655 998 4699 nup
1017 4649 1159 4714 comum
1172 4642 1212 4697 issi
1228 4656 1278 4712 ppo
1290 4640 1434 4712 qualitate,
1460 4639 1589 4711 quopiam
1599 4638 1674 4696 videt
1688 4654 1749 4696 sep.

98 4708 220 4771 btrrrrloee
242 4716 331 4784 etis.
358 4724 384 4773 ιι
403 4718 554 4775 seruandum
582 4720 719 4780 bominem
747 4726 894 4783 arolruiatle
946 4754 1009 4795 vum
1034 4753 1111 4795 susm
1136 4736 1203 4793 nibil
1229 4736 1302 4793 uliud
1325 4736 1429 4793 babere
1449 4735 1523 4807 quod
1548 4735 1683 4791 retribuat
1709 4734 1747 4791 ei·
1850 4727 1854 4736 ’

97 4800 186 4877 (tce.
204 4809 266 4879 lili?
279 4810 335 4882 ¹380
346 4810 414 4882 ⁶3¹⁸,
439 4812 475 4870 tlil
486 4816 563 4883 estis,
576 4823 603 4872 0¹
615 4818 663 4873 fflii
674 4818 773 4875 ideali!
786 4826 892 4878 ⁰⁰¹¹le
945 4833 1016 4903 Quid
1041 4833 1114 4891 enim
1137 4830 1228 4888 simile
1242 4830 1302 4888 estl
1319 4830 1391 4887 lleus
1401 4846 1454 4903 pro
1474 4828 1632 4887 bominibus
1652 4841 1749 4898 passas

99 4898 150 4957 les
162 4910 253 4959 autem
267 4902 338 4961 eleut
351 4905 476 4965 homines
497 4912 664 4983 moriemini,
687 4922 715 4971 ιι
734 4916 805 4973 sieut
822 4910 893 4974 irrros'
945 4935 998 4993 eet,
1016 4924 1148 4981 nominas
1162 4939 1212 4995 pre
1223 4938 1316 4991 serra,
1329 4924 1422 4994 iaetus
1447 4918 1748 4996 promerueramus

96 4993 130 5051 de
153 4991 453 5068 prioreipibtle'ebdetit
467 5000 558 5071 terat.
574 5008 678 5075 utria).
694 5008 723 5068 st
738 5011 894 5086 Qrtislgitur
946 5018 1110 5092 aequalitas!
1133 5016 1187 5075 Sed
1217 5018 1349 5090 querriam
1365 5006 1432 5073 nibil
1456 5016 1529 5073 aliud
1545 5015 1629 5073 babet
1651 5028 1749 5072 serras

107 5101 207 5147 anetus
221 5102 275 5165 est,
300 5094 374 5151 liena
388 5094 516 5167 eideitar,
542 5104 569 5156 et
584 5102 693 5173 qirando
715 5102 894 5165 laetuslaetil
945 5110 1019 5184 qued
1042 5110 1178 5168 retribuat
1205 5111 1337 5167 bomine:
1363 5110 1436 5167 beas
1462 5108 1542 5179 quasi
1563 5108 1685 5163 alemena
1699 5122 1748 5178 pre

108 5172 178 5279 leus,
189 5182 288 5242 desinit
305 5202 366 5244 esse
378 5186 504 5257 insinuet
511 5192 567 5263 jam
578 5194 718 5255 melitites.
732 5198 803 5267 Quid
818 5204 892 5259 euim
946 5204 1044 5278 aquati
1063 5205 1164 5277 ueeipls
1178 5207 1351 5280 martyrium.
1363 5204 1446 5274 Quasi
1460 5202 1486 5258 si
1496 5203 1557 5274 quis
1572 5202 1648 5257 dives
1663 5216 1748 5273 pare·

107 5264 158 5331 dtit
172 5284 201 5334 ιι
212 5280 378 5350 ΑριιιοΙιιιι
397 5282 446 5339 Est
461 5285 550 5343 aulem
565 5289 654 5345 aronis
670 5290 751 5347 ltortra
764 5294 892 5364 mendax,
946 5300 982 5356 rlt
995 5298 1113 5371 aliquem
1126 5312 1290 5373 pauperem:
1306 5297 1432 5355 everterit
1440 5306 1531 5351 autem
1541 5292 1749 5351 eurardemdiri·

109 5358 166 5426 ὓθι
178 5380 271 5431 ιιιιιιιι
287 5376 369 5433 lerax
385 5374 479 5451 (Rom.
494 5372 549 5455 art).
565 5382 780 5457 Interpreteumr
792 5388 891 5446 aliter:
947 5401 999 5450 ιιιιι
1016 5395 1110 5450 venire
1122 5408 1185 5451 eum
1195 5407 1245 5451 saa
1257 5391 1371 5459 inutilia,
1381 5390 1508 5465 etretritt
1520 5400 1585 5445 rasa
1595 5390 1622 5443 io
1632 5389 1744 5445 domam

109 5451 218 5533 Cnidi,
242 5471 427 5541 propterquod
439 5471 617 5530 lacernarum.
643 5474 771 5549 llagister
783 5480 892 5553 quanda
945 5486 1073 5557 pauperis
1085 5495 1114 5543 ιι
1129 5501 1182 5543 aaa
1194 5486 1295 5541 babeat
1310 5480 1499 5553 pauper-eard
1513 5481 1551 5537 iili
1572 5491 1705 5552 apponat,
1718 5490 1748 5539 ot

109 5544 182 5601 (ῑιιιῒιιι
198 5556 376 5631 rimantem,
393 5562 446 5619 nisi
468 5565 544 5636 prior
567 5568 625 5638 ipae
643 5568 795 5629 erediderit
819 5574 891 5644 obad
946 5580 1055 5638 familie
1065 5581 1170 5652 ipsius,
1183 5590 1212 5639 et
1224 5580 1315 5635 sulum
1341 5578 1381 5634 illi
1401 5577 1483 5646 dieat,
1500 5576 1571 5633 intra
1584 5577 1612 5632 io
1634 5578 1746 5632 duruerat

110 5637 252 5707 doceam„
266 5660 355 5743 petest
368 5655 485 5713 alteram
508 5658 616 5719 dooere.
631 5662 702 5719 llicit
715 5674 781 5736 erpa
793 5682 822 5723 ae
836 5668 892 5737 pri·
946 5674 1055 5731 alteratis
1070 5675 1129 5745 tui,
1152 5682 1181 5731 et
1203 5671 1330 5731 ortandae
1342 5671 1521 5737 veluntatem.
1532 5668 1662 5741 querulam
1674 5666 1746 5725 nibil

111 5744 185 5785 “¹⁰¹ss
200 5741 347 5815 redidisse,
384 5753 413 5804 ιι
438 5748 574 5809 aientium
594 5754 779 5831 dooerellpr
804 5772 891 5819 notem
945 5766 1020 5823 aliud
1036 5768 1121 5825 babet
1136 5767 1208 5839 quod
1229 5766 1295 5831 det.
1321 5774 1350 5822 et
1372 5766 1433 5837 plus
1449 5765 1532 5821 faeiat
1544 5776 1658 5836 palmer,
1676 5762 1749 5817 sieut

28 5882 29 5887 .
109 5818 245 5893 domitia„
271 5852 328 5893 aum
352 5838 440 5895 arura.
461 5842 574 5913 aarum
589 5858 679 5905 aurem
695 5850 810 5925 aternus
829 5868 890 5915 suin
946 5860 991 5916 tau
1009 5858 1087 5917 raaia
1101 5858 1351 5933 quaerentum
1360 5856 1478 5921 muralia
1492 5855 1652 5948 (bro-ml·
1676 5852 1748 5924 eatr-
