4000 6334
121 379 162 439 sn
559 369 799 433 conuunrnnn
816 373 851 432 tn
871 369 1006 433 nunnus
1023 371 1093 432 tou,
1114 370 1192 428 cnr.
1212 371 1284 430 xn.
1693 375 1746 433 053

119 496 192 572 prino
201 505 326 550 sermone
334 489 442 548 locutus
450 497 504 560 εει,
514 487 560 548 nbi
571 489 740 547 etiamleoni
751 498 779 547 et
790 489 937 560 terensem
983 486 1020 543 lit
1042 488 1184 545 suscitatur
1207 487 1365 561 falsiloquus
1386 489 1510 545 adsersus
1530 489 1624 560 faciam
1649 503 1747 557 means,

118 593 263 662 leonumque
275 586 367 646 assnto
381 597 409 646 ει
422 587 487 658 tigri
502 585 682 659 comparauit.
696 587 751 645 Sed
767 587 824 645 usa
837 603 896 644 mu·
947 581 1130 638 contradicam
1145 581 1220 636 nribi.
1237 578 1350 652 Collcqit
1364 582 1481 654 lusorem
1495 596 1572 637 suurn
1589 581 1618 636 in
1631 597 1684 638 sne.
1698 581 1752 640 ttla

117 679 317 758 qiscredendum
339 689 398 749 εει,
414 680 538 751 quicum
555 677 668 736 laudans
682 695 736 736 non
753 678 896 736 simulato·
947 683 994 731 aut
1005 674 1092 746 ipsum
1106 673 1222 746 Eliplras
1234 671 1411 746 lnlsiloqnnm
1422 673 1506 741 dicit,
1522 673 1585 746 qnia
1600 673 1752 746 exprobrat

117 793 163 836 rent
182 772 303 832 edectum
324 772 414 840 dixit,
436 771 485 828 sed
507 763 679 829 instruentem
695 781 723 829 et
741 770 894 844 simplicem
946 767 1118 837 candelab,
1135 767 1207 838 quud
1230 767 1289 823 baec
1301 767 1338 825 ob
1353 775 1529 838 peccatorum
1550 767 1648 825 merita
1664 770 1752 825 susti·

116 867 266 944 prndiessit.
280 865 358 936 Quod
374 875 464 922 autem
477 863 513 920 ait
530 864 655 936 Elipbaz.
947 871 1038 932 rueret,
1056 872 1105 920 unt
1124 862 1278 929 diabolum,
1292 863 1337 934 qni
1353 877 1416 919 eum
1431 862 1543 919 dixerat
1565 873 1748 934 peccatorem.

144 959 172 1016 Et
184 959 246 1031 iqnis
258 957 392 1014 denasabit
410 956 576 1014 tabernacula
593 973 697 1030 eorum,
720 959 764 1030 qui
786 973 894 1013 munera
947 959 1053 1026 Aliter,
1075 956 1256 1027 laisiloquus,
1277 955 1364 1013 tuoss
1385 957 1427 1012 sel
1448 956 1566 1030 ptspulus
1588 955 1749 1014 iudaorusu

116 1054 208 1110 liberter
219 1051 359 1126 accipiunt.
370 1049 400 1107 ln
412 1061 536 1108 sanctum
549 1051 601 1109 iob
616 1051 715 1108 cadere
727 1067 782 1109 non
793 1061 892 1122 potest.
946 1048 1118 1123 intelligendi
1134 1058 1210 1117 snut,
1224 1049 1272 1122 qui
1282 1059 1381 1107 eontra
1396 1048 1539 1107 Christum
1553 1048 1653 1106 laisum
1665 1049 1751 1110 (ledes

112 1147 169 1216 nnis
187 1145 260 1216 inse,
276 1153 306 1202 ut
316 1144 375 1218 jam
389 1143 458 1213 disi,
473 1145 623 1202 secundnm
637 1144 686 1200 Ilei
706 1144 894 1202 testimonium
946 1155 1011 1204 runt
1026 1145 1224 1203 testimonium.

113 1240 140 1298 de
152 1240 234 1310 seipso
248 1238 285 1296 ita
302 1237 410 1297 loeutus
427 1249 488 1296 est:
503 1247 532 1296 ut
546 1240 568 1296 si
583 1241 610 1294 in
625 1239 750 1296 manibus
764 1240 833 1296 rucis
847 1238 896 1296 ad·
982 1238 1018 1295 Et
1038 1239 1199 1296 aonnrsinarss
1218 1238 1284 1295 milri
1304 1239 1441 1311 intremuit
1455 1249 1547 1296 contra
1568 1257 1609 1296 nse
1623 1239 1745 1297 dentibus

112 1335 178 1394 laun
189 1333 304 1402 maenia,
320 1347 384 1390 curu
394 1331 430 1390 de
444 1331 603 1390 muneribus
617 1331 785 1405 loqueretur.
801 1330 893 1403 ignem
945 1333 1011 1388 anis.
1026 1329 1083 1388 0re
1102 1331 1255 1388 amicorum
1269 1341 1367 1388 contra
1382 1342 1508 1388 sunctum
1528 1331 1581 1390 iob
1604 1331 1749 1404 disputan·

111 1441 167 1484 sero
179 1424 361 1493 nominando,
378 1424 533 1498 gebennam
553 1432 618 1495 puto
632 1423 815 1496 significauit,
831 1421 893 1494 quia
945 1423 1026 1493 tium,
1041 1423 1171 1480 diabolus
1183 1422 1340 1480 minabatur
1356 1424 1431 1482 :siue
1442 1422 1529 1482 iudei
1543 1422 1749 1482 intremuerunt

112 1519 282 1589 tabernacula,
298 1518 326 1575 id
343 1526 401 1588 εει,
416 1533 531 1590 corpora
546 1517 702 1590 iniquorum
718 1525 781 1573 sunt
795 1530 894 1574 eonsu-
945 1527 1045 1575 contra
1067 1517 1251 1574 Saisatorem.
1271 1517 1332 1576 Alia
1348 1518 1457 1576 editio:
1473 1518 1587 1591 Saqittoe
1601 1521 1748 1594 piratarum

109 1614 201 1672 ruenda.
217 1612 257 1669 lie
276 1609 330 1668 boc
356 1611 420 1684 igne
434 1619 462 1669 et
482 1609 589 1684 Saphar
611 1609 639 1668 in
662 1609 893 1682 consequentibus
944 1627 1022 1684 super
1036 1610 1359 1668 meaeaiderunt.Pirat:n
1372 1611 1529 1668 istidiaboli
1541 1613 1746 1680 suntministri,

108 1707 155 1765 sit:
168 1705 311 1764 besorabit
333 1719 417 1776 eum,
433 1703 461 1762 id
475 1713 535 1773 εει,
557 1703 669 1776 impium
684 1703 754 1778 ignis
768 1703 815 1777 qui
836 1718 892 1760 non
945 1703 1005 1761 siue
1028 1703 1166 1775 bomines,
1191 1703 1485 1776 consummaremur
1506 1711 1573 1761 tunc
1595 1706 1692 1778 piratae
1719 1708 1749 1766 iu

112 1797 280 1857 succenditur.
945 1793 1096 1867 Scripturis
1115 1806 1265 1868 uocantur,
1287 1794 1396 1868 quando
1422 1796 1556 1854 saeculum
1578 1797 1652 1856 istud
1670 1815 1748 1858 mare

136 1890 251 1964 Concepit
263 1889 402 1961 dolarcus,
420 1900 445 1947 st
457 1891 556 1966 piperis
568 1891 748 1964 iniquitatem,
765 1900 788 1948 ct
804 1900 892 1948 uterus
908 1889 931 1954 B
944 1889 1115 1960 annullatur.
1129 1887 1240 1962 Sagittae
1252 1906 1319 1947 sero
1332 1890 1445 1948 diriores
1455 1892 1500 1949 uel
1513 1893 1653 1950 eruciatus
1666 1893 1750 1951 intei-

109 1989 155 2061 q'us
165 1997 294 2060 preparat
313 1985 399 2043 dolos.
423 1985 509 2045 David
527 2002 636 2060 quoqne
659 1987 831 2058 postmodnm
854 1985 888 2044 dc
941 1983 1059 2058 ligendi,
1076 1999 1145 2056 quos
1159 1985 1325 2055 patiebatur,
1339 1994 1370 2040 ut
1381 1983 1417 2040 ab
1430 1985 1470 2041 eis
1486 1985 1658 2043 translnssns
1674 1985 1749 2044 blas·

105 2077 245 2148 bujusuuodi
260 2078 297 2134 ita
310 2077 399 2136 dixit:
418 2077 487 2134 Eece
499 2079 623 2153 parturiit
636 2079 810 2152 injustitiam,
827 2094 889 2135 aon·
941 2075 1050 2149 pbemia
1061 2077 1269 2134 moreretur.Et
1280 2077 1539 2134 itadcmnmaurum
1550 2088 1633 2152 atque
1643 2095 1747 2152 arnen-

105 2173 158 2246 cepit
178 2171 318 2240 dolorem,
344 2172 443 2246 peperit
464 2171 637 2244 iniquitatem.
661 2169 745 2228 Dolor
764 2187 830 2242 erqo
846 2179 889 2228 est
941 2175 996 2225 tum
1009 2168 1153 2239 sapientise
1168 2169 1242 2240 ejus,
1255 2177 1283 2224 et
1295 2167 1432 2236 scientiae,
1447 2180 1539 2226 uestes
1551 2185 1663 2244 quoqne
1681 2188 1747 2244 prc-

103 2264 231 2335 injustitia,
243 2272 273 2320 et
284 2264 426 2336 iniquitas.
437 2263 495 2320 line
510 2279 576 2336 ergo
587 2263 687 2336 impius
698 2262 888 2336 peperitqnod
940 2263 1026 2320 tiosas
1044 2263 1191 2333 uirtutum,
1206 2261 1267 2333 spei
1280 2271 1362 2334 atque
1383 2261 1447 2319 lidei
1462 2261 1490 2318 in
1507 2262 1606 2331 Deum.
1620 2264 1747 2322 aulerent

102 2363 260 2428 cosmocrat,
277 2365 410 2413 ettamen
433 2365 529 2414 uterus
542 2356 633 2415 cordis
646 2355 707 2429 ejus
723 2356 803 2414 dolos
819 2372 888 2428 prse-
938 2360 975 2417 ab
986 2373 1033 2426 eo,
1048 2367 1077 2415 ει
1086 2357 1186 2431 grandi
1202 2356 1293 2428 pretio
1303 2367 1464 2430 comparata
1481 2357 1605 2414 monilis.

102 2463 185 2522 parare
199 2462 253 2507 non
269 2448 383 2506 desinit.
397 2449 472 2520 Quos
486 2458 552 2506 tnnc
562 2449 628 2518 edit,
640 2450 750 2522 qnando
760 2465 844 2522 onera
860 2450 887 2507 in
976 2453 1070 2510 liastis
1084 2469 1158 2509 meas
1171 2451 1332 2508 terribilibus
1352 2451 1436 2506 ocutis
1453 2466 1493 2506 mc
1517 2451 1629 2508 intuitus
1649 2461 1697 2510 est.
1714 2454 1745 2509 ln

102 2543 189 2597 lactum
204 2541 368 2616 precedunt.
385 2543 415 2600 ln
434 2553 571 2616 conceptu
594 2545 687 2614 itaque
707 2544 798 2618 iniqua
813 2547 887 2618 cogi·
938 2549 1028 2607 oculis
1053 2545 1228 2605 terribilibus
1243 2545 1364 2601 animum
1381 2544 1533 2601 sauciantis
1546 2547 1573 2600 in
1589 2560 1622 2602 se
1641 2545 1747 2603 descri-

104 2635 159 2691 iiii⁰
172 2634 343 2708 intelligitur,
356 2635 426 2694 sicut
452 2637 479 2694 in
501 2646 579 2708 partu
593 2637 705 2696 odessus
721 2638 799 2696 milii
811 2639 886 2714 cossi·
937 2645 978 2703 bit
989 2641 1138 2701 inuisibilis
1155 2641 1272 2710 inimici,
1292 2641 1411 2711 quisine
1424 2657 1474 2712 per
1490 2639 1613 2698 visiones
1632 2651 1746 2699 noetur-

100 2730 197 2786 tutionis
221 2731 393 2804 agnoscitur.
415 2733 569 2790 Adversum
595 2731 649 2790 ton
674 2737 732 2791 base
759 2735 886 2791 uniuersa
938 2753 999 2806 nus,
1017 2735 1078 2793 sive
1091 2750 1140 2808 per
1162 2734 1317 2790 amicornm
1339 2733 1443 2790 uultum
1466 2732 1629 2800 terribilem,
1654 2735 1744 2793 minas

98 2823 195 2897 Elipbas
207 2827 319 2886 locutus
331 2837 388 2890 est:
403 2827 452 2886 sed
462 2827 517 2900 iam
531 2829 658 2901 superius
671 2829 804 2900 diximus,
813 2829 885 2902 quod
938 2830 1108 2888 intenderet:
1120 2825 1609 2898 sienuednrnlobamiciejnssancto
1619 2827 1739 2883 nefanda

97 2919 338 2981 subministratione
350 2921 503 2996 prophetia
524 2939 572 2996 per
587 2938 733 2995 persenam
748 2924 812 2994 lob,
828 2923 886 2980 din·
937 2924 1150 2996 responderunt,
1181 2923 1349 2992 nutibusque
1365 2921 1450 2978 etiam
1464 2937 1527 2979 cum
1546 2921 1676 2978 irrisione
1688 2921 1740 2979 de·

97 3014 149 3071 bolo
178 3016 219 3072 sel
252 3016 369 3074 cuilibet
394 3017 497 3075 bomini
532 3017 617 3089 impio
652 3015 722 3074 dicta
759 3016 817 3076 base
844 3017 884 3073 ui·
937 3029 1053 3092 terrem,
1068 3020 1104 3077 de
1114 3018 1225 3076 cbristo
1240 3017 1462 3088 intelligendum.

97 3107 145 3164 deri
164 3119 297 3182 possunt,
318 3110 392 3170 sicut
415 3118 444 3170 ει
465 3109 519 3166 alia
540 3124 602 3184 quae
624 3109 706 3168 amiel
724 3109 784 3182 ejus
801 3107 885 3166 locuti
973 3117 1140 3189 operuerunt
1159 3130 1238 3184 snper
1250 3129 1291 3169 nse
1311 3129 1430 3181 erasus,
1446 3110 1667 3183 utsupralrantes
1681 3126 1742 3181 par-

95 3211 156 3261 ⁸⁰¹¹¹·
935 3221 1074 3270 warmunt
1087 3210 1227 3268 musiliano
1244 3224 1339 3275 meam,
1365 3206 1456 3262 satiati
1477 3217 1539 3262 suut
1557 3206 1642 3280 panis
1665 3205 1740 3260 mals.

373 3271 493 3334 CAPUT
511 3272 585 3332 m·
898 3279 1022 3379 thtsur
1043 3303 1072 3362 iu
1085 3303 1212 3370 maxilla,
1223 3300 1334 3376 generis
1346 3311 1390 3356 εει
1401 3299 1543 3364 nobilitas.
1566 3299 1627 3356 siue
1646 3297 1737 3355 bonor

123 3389 286 3464 intimidi
301 3397 390 3446 autam
406 3387 477 3460 Μ,
496 3389 564 3443 ‘iiiii
587 3403 597 3444 ·'
620 3387 716 3444 Mili
734 3391 885 3463 frequentor
936 3398 1048 3473 quidum
1070 3394 1244 3454 manifestus.
1268 3395 1303 3450 Et
1320 3393 1393 3451 sieut
1412 3393 1459 3449 alii
1473 3391 1615 3458 dixerunt,
1636 3391 1738 3448 acriter

96 3483 150 3536 talin
167 3481 350 3540 Consolatores
369 3483 473 3538 annosi
488 3498 577 3539 onsnes
598 3497 642 3536 uos
657 3482 729 3537 estis.
748 3479 884 3554 Numquid
936 3500 980 3551 ὣς
993 3504 1139 3564 pqqquqqus
1160 3491 1188 3546 i„
1208 3491 1298 3563 genis,
1320 3488 1457 3544 intonsum
1478 3495 1509 3542 nt
1530 3483 1694 3552 abbacum,
1711 3494 1740 3541 ct

93 3573 208 3634 ”iiiiii
227 3579 312 3652 fimi
330 3577 408 3634 ἨΜ
422 3586 539 3645 ventosa,
554 3583 598 3630 ⁰¹⁸¹
615 3572 716 3646 “iiiiii
729 3573 775 3629 iiii
790 3575 885 3630 notas·
935 3585 1091 3653 nobilitate,
1103 3595 1130 3640 ct
1140 3581 1244 3640 diuitiis
1255 3579 1333 3638 beret
1347 3579 1467 3649 alicnus,
1478 3577 1590 3649 quando
1598 3578 1739 3634 masiliam

94 3666 882 3743 unsasstoqsasosrt’onramaoqosronnasasantoqas.
936 3679 999 3738 nun
1023 3693 1081 3735 saa
1111 3674 1295 3734 nttsosnusm
1318 3671 1431 3729 ursona
1455 3671 1564 3727 sartores
1597 3667 1737 3742 pansus,

93 3763 163 3834 Atque
181 3766 284 3821 misam
300 3771 364 3821 iiiii
383 3763 473 3818 anina
486 3771 571 3818 iiiiii
586 3779 633 3832 pro
653 3763 742 3818 anima
765 3760 883 3818 nsalst
935 3789 1017 3847 quam
1041 3771 1089 3830 itte
1111 3767 1274 3841 perturbare
1294 3764 1427 3822 cudendo
1449 3773 1565 3820 conatus
1587 3772 1646 3830 εει,
1659 3763 1738 3833 quasi

93 3872 148 3927 tos,
162 3860 269 3931 inquit,
282 3857 343 3916 baec
356 3873 417 3930 ‹1¹¹ae
429 3856 554 3914 iiiiiiiffl
567 3854 730 3926 pateremini
747 3873 753 3910 :
769 3869 825 3910 ¹¹⁰⁰
843 3853 882 3909 ita
934 3867 1079 3941 qnamdam
1102 3866 1215 3934 januam
1236 3862 1337 3920 diuinae
1356 3859 1541 3916 confessionis
1565 3857 1736 3930 effringens,

92 3953 155 4008 iiiii
175 3967 225 4009 ’θ’
241 3965 368 4024 agerem,
393 3959 424 4008 ut
434 3965 482 4006 i⁰⁵
497 3965 560 4022 iili
580 3965 625 4004 ¹¹10
650 3962 732 4020 agere
749 3962 805 4002 ⁰⁰¹¹
820 3961 882 4004 0θὸ-
933 3963 992 4019 siue
1006 3976 1068 4018 eum
1084 3958 1181 4016 laisum
1193 3955 1382 4012 testimonium
1392 3963 1492 4009 contra
1504 3951 1648 4009 Glsristuns
1658 3949 1738 4006 dixe·

91 4047 159 4104 iiiii·
933 4065 1009 4124 runt,
1022 4055 1080 4110 siue
1094 4050 1174 4121 illud,
1191 4048 1325 4120 crusllqo
1339 4064 1409 4104 curn.

120 4135 275 4196 Cortsolarer
288 4148 313 4196 et
327 4155 374 4212 eqo
388 4155 431 4195 stas
445 4138 616 4208 sermonibus,
631 4147 654 4192 at
667 4145 882 4206 rosoreremcapnt
970 4147 1155 4206 commum
1168 4142 1240 4200 Dm
1254 4140 1466 4216 qpqqqu'qqqm,
1477 4146 1502 4194 qq
1514 4135 1736 4206 mmqpqqmpfq.

90 4245 161 4286 ΜΝ
175 4248 254 4306 “liii
265 4248 321 4288 ²³⁰⁸·
339 4229 499 4288 normann
513 4247 557 4286 ¹²⁰⁸
567 4246 611 4286 iii
630 4246 700 4296 meo,
717 4239 741 4285 0⁸
754 4245 882 4284 ”iiiiiiiii
933 4260 994 4301 runs
1008 4258 1049 4298 mc
1058 4240 1178 4296 tradidit.
1192 4233 1410 4303 tumultuante
1424 4241 1454 4291 ει
1465 4231 1569 4304 angelis
1581 4229 1653 4302 eius.
1668 4229 1734 4287 Siue

90 4321 150 4378 iiii
167 4343 236 4396 nna,
261 4325 339 4399 ‘liiii'
357 4341 465 4398 liiiiii
484 4324 567 4380 iiiii·
580 4323 771 4380 blandimento
786 4325 881 4395 ulique
932 4335 967 4394 de
990 4334 1100 4394 Gbristo
1122 4328 1345 4404 intelligendum,
1370 4323 1480 4400 quando
1507 4325 1622 4383 traditus
1640 4332 1683 4382 est
1703 4321 1732 4379 in

89 4429 236 4475 sennonum
251 4434 379 4474 meorum
399 4433 447 4475 uos
463 4417 553 4487 potins
568 4415 733 4473 cohortarer
749 4434 757 4473 ε
774 4425 881 4473 mentes
933 4427 1059 4487 maninus
1073 4425 1241 4484 Jndaeorurn.

89 4509 159 4567 ctiam
179 4523 291 4569 uestras
309 4509 536 4567 tribulationibus
556 4509 663 4566 acerbis
683 4519 879 4578 exasperatas,
972 4519 1028 4594 59⁰
1041 4518 1230 4590 §linquendum
1248 4513 1388 4586 opulentus
1405 4522 1508 4584 repente
1523 4511 1649 4566 aosrtrttus
1662 4525 1735 4566 sum.

88 4616 118 4658 ue
135 4605 159 4660 iu
180 4606 291 4676 lapsum
318 4603 500 4677 blasphemiae
513 4601 660 4670 cuderent,
677 4602 731 4659 levi
751 4615 879 4659 sermone
932 4612 1162 4670 manumissus
1173 4625 1267 4675 ursam,
1284 4607 1412 4680 confreqit
1423 4621 1475 4675 mc3
1490 4611 1515 4660 ot
1530 4603 1620 4677 posuit
1631 4619 1670 4659 mc
1685 4603 1736 4658 sibi

90 4707 113 4751 ct
124 4699 230 4769 placido
245 4699 428 4757 sustinerem.
892 4682 919 4744 Β
933 4705 1007 4780 qnasi
1023 4706 1052 4760 in
1063 4705 1180 4775 siquam.
1196 4702 1225 4759 ld
1238 4716 1292 4768 εει,
1304 4701 1339 4756 de
1356 4699 1440 4756 diuite
1453 4695 1543 4754 laetus
1555 4712 1660 4770 pauper
1672 4714 1680 4753 :
1691 4695 1736 4753 uel

117 4789 167 4847 Sed
177 4793 242 4866 quid
251 4793 353 4866 sqansl
366 4791 398 4850 st
407 4791 509 4849 locutus
519 4795 606 4864 fuero,
619 4790 794 4864 nonquiescel
805 4789 881 4846 dolor
933 4799 1070 4864 christus,
1084 4797 1119 4853 de
1133 4796 1192 4853 neo
1204 4796 1287 4852 nomo
1300 4803 1392 4850 natus.

87 4895 165 4950 neus,
189 4885 250 4941 titi
271 4896 389 4956 iiiviri,
412 4900 464 4939 '¹⁰¹⁸
487 4884 588 4940 illidii
610 4901 626 4938 i
644 4898 694 4938 me.
709 4881 738 4938 ld
752 4893 810 4954 iii.
823 4883 881 4939 iiie
971 4890 1199 4948 circumdeditme
1212 4888 1309 4944 lanceis
1322 4888 1376 4944 suis
1393 4887 1611 4943 :consuluerant
1634 4885 1735 4942 lumbos

87 4975 171 5046 loquar
193 4977 250 5036 ista
272 4992 346 5035 tttttttt
367 4977 465 5043 tobis,
487 4977 547 5034 site
567 4977 652 5034 etiarn
676 4986 780 5032 ιιιεεειιι
800 4993 808 5032 t
830 4975 882 5032 Ιιοε
934 5000 1018 5042 quens,
1046 4981 1110 5038 Non
1123 4981 1248 5056 pepercit,
1262 4990 1286 5036 et
1305 4978 1400 5048 effudit
1417 4979 1527 5036 interra
1550 4981 1650 5035 niuem
1666 4993 1735 5034 ιιιειι.

86 5069 166 5125 uotum
186 5085 233 5128 ue
247 5085 334 5128 nassa
348 5069 501 5138 confiteor.
514 5068 588 5143 quot
607 5067 763 5126 incessabili
785 5067 881 5125 dolore
935 5073 1734 5142 narseusunrocosamsona,tolosanaomponasnnes,

85 5160 244 5221 discrucior·
933 5187 1001 5244 quas
1011 5169 1064 5226 lob
1078 5169 1242 5241 patiebatur,
1254 5167 1444 5241 significanter
1452 5164 1644 5238 intelliguntur
1656 5180 1664 5220 ι
1679 5165 1739 5223 stre

117 5255 194 5312 Nunc
205 5269 297 5314 autern
308 5259 435 5332 oppressit
446 5255 666 5325 monotaimus.
683 5267 708 5313 et
729 5259 756 5314 itt
771 5257 882 5312 liiiiiltm
933 5263 969 5322 de
990 5262 1100 5320 Cbristo
1116 5261 1304 5334 blasphemiae,
1329 5277 1398 5335 quas
1413 5274 1511 5334 passus
1526 5267 1570 5315 est
1587 5274 1602 5314 a
1621 5259 1736 5331 iudan,

84 5349 250 5408 retunsona
270 5369 360 5410 aornos
381 5362 455 5410 arsos
475 5351 533 5408 nol.
548 5353 606 5410 tloa
618 5351 701 5410 etiam
718 5353 753 5410 de
770 5351 882 5411 cbristo
934 5357 1121 5431 insetttqendae
1139 5365 1215 5414 suat.
1238 5354 1291 5414 lab
1305 5370 1373 5412 sero
1389 5370 1444 5411 nan
1457 5353 1547 5412 sotum
1559 5351 1666 5409 doloris
1678 5360 1737 5410 soto

85 5438 290 5516 iiiiflilcndum
305 5455 359 5505 est.
933 5468 1052 5526 corpore
1071 5459 1290 5523 computruerat,
1310 5464 1409 5507 serum
1432 5447 1516 5504 etiam
1531 5445 1638 5517 putoris
1658 5447 1738 5505 sanie

114 5537 195 5611 ttuqa
213 5556 283 5598 mea
304 5542 480 5598 ammanium
503 5543 592 5598 ticam
615 5551 706 5600 contra
732 5557 782 5597 mo.
805 5539 880 5598 Con·
936 5546 1105 5620 liquescebat
1120 5563 1128 5602 s
1143 5545 1180 5600 lta
1201 5543 1303 5615 utipse
1316 5539 1500 5608 laodicenos,
1515 5538 1630 5596 lustinum
1645 5554 1738 5596 munus

85 5634 178 5691 tractio
188 5634 264 5695 cutis
279 5650 374 5708 qnam.
391 5637 550 5694 exsiccante
564 5636 661 5694 eadem
676 5634 764 5704 sanie,
781 5635 881 5708 patior,
936 5637 1080 5696 exhorruit
1101 5652 1172 5694 uxor
1195 5649 1267 5692 mea.
1283 5633 1380 5690 Omnia
1400 5630 1473 5688 circa
1488 5631 1596 5690 lutribos
1612 5633 1673 5703 ejus
1689 5646 1739 5705 pn·

81 5725 286 5796 quodammodo
305 5728 532 5788 manifestatione
552 5729 595 5786 sni
613 5729 661 5786 dat
678 5729 825 5786 adsumunt
839 5743 883 5786 me
937 5738 1075 5790 truerunt.
1092 5729 1157 5788 Siue
1169 5729 1204 5785 do
1223 5727 1335 5785 Clsristo
1347 5725 1566 5795 intelligendum,
1587 5725 1738 5783 ossusulne⁴

83 5820 283 5890 testimmiusn,
298 5833 326 5878 ει
336 5823 416 5896 quasi
429 5822 561 5897 loquitur,
571 5831 690 5898 quantos
701 5823 811 5884 dolores
823 5821 884 5882 sire
937 5824 1011 5881 ravit
1034 5823 1142 5882 tussibus
1155 5835 1243 5878 meos.
1265 5820 1336 5890 Quia
1351 5819 1443 5878 ludaei
1465 5819 1597 5890 usquead
1608 5819 1664 5877 bne
1677 5835 1739 5908 perf

81 5910 219 5971 ornicum
230 5915 397 5974 sustineam.
936 5916 1022 5974 secnti
1037 5908 1101 5976 sunt
1114 5907 1267 5989 apostolos,
1284 5904 1330 5985 qui
1344 5907 1422 5983 quasi
1436 5910 1471 5970 de
1485 5902 1586 5970 lumbis
1603 5911 1737 5973 doctrina
