4000 6334
127 309 166 369 etl
397 291 725 358 cehheh'lhtttotttltt
744 289 779 349 tlt
799 287 909 348 EPlST.
930 285 977 348 tte
997 285 1224 347 rfflneuertmt
1240 285 1437 348 PROLOGUS.
1694 293 1750 358 eps

125 423 193 487 sancti
206 419 318 493 Spiritus
334 417 408 477 lerre
418 415 549 489 potuisset
566 428 635 470 :nec
650 407 895 483 hupusconpuscutt
911 417 937 479 pt
952 420 1005 462 nen
1019 405 1169 477 putandas:
1185 414 1233 462 aut
1246 406 1270 462 si
1281 406 1341 463 istae
1355 405 1538 478 recipientur,
1564 407 1750 483 recipiendum

124 517 278 582 necessitates
294 513 355 590 [dl.
372 509 538 583 necessitas]
556 509 607 566 sub
621 506 768 580 praeseutia
788 504 898 560 Domini
950 514 1013 558 esse
1027 500 1101 557 etad
1115 499 1313 569 Philemonem,
1329 516 1362 557 ex
1379 499 1537 573 praejudicio
1551 503 1683 560 similium
1706 522 1752 565 re·

123 627 211 684 semper
232 610 455 680 complerentur:
472 605 545 662 reiut
570 603 718 674 disponere
741 599 895 674 prandium,
949 604 1101 666 ceptorum.
1121 593 1206 651 Valde
1217 605 1310 652 eutem
1323 608 1373 652 ees
1388 603 1418 652 ct
1432 595 1595 668 simpliciter
1610 613 1716 669 errare,
1728 599 1753 657 si

122 707 195 764 cibum
208 717 315 774 sapere,
328 699 447 769 esurire,
473 697 605 762 saturari,
633 695 738 768 ingesta
758 691 897 764 digerere,
948 694 1045 757 putent
1068 686 1160 743 cibem
1184 701 1287 753 emere,
1311 687 1459 759 hospitium
1482 694 1751 762 praeparareresti-

23 835 24 844 ι
122 801 232 857 erlnausta
243 795 401 866 complere;
418 800 498 848 taceo
512 789 546 847 de
556 788 675 856 catenis,
690 801 749 860 que
763 783 898 856 exquisite
948 791 1042 837 menta
1052 781 1228 854 conquirere,
1243 797 1305 840 esse
1315 792 1477 856 peceatum,
1493 792 1523 842 et
1538 799 1664 844 asserere
1678 785 1693 828 i
1707 788 1751 845 lu·

23 867 24 880 *
122 901 144 950 et
155 900 235 948 coacte
247 886 302 962 [tt.
317 884 424 960 coacta]
436 886 589 957 replicant:
606 891 637 938 ut
650 881 789 938 altirment
812 878 898 936 luisse
947 875 1007 948 gari
1022 875 1154 947 Spiritum
1169 886 1307 946 sanctum,
1322 877 1344 934 si
1356 879 1512 950 corpusculi
1539 880 1679 952 paulisper
1694 898 1745 955 qe·

121 985 211 1059 aliquod
224 992 331 1054 tempus
353 981 380 1038 in
394 994 449 1054 que
462 979 563 1036 Paulus
577 979 669 1034 dicere
683 991 737 1032 nou
756 973 871 1030 auderet
888 991 895 1030 ε
948 971 1293 1030 cessitatibusserriamus.
1302 971 1404 1042 Nolite,
1417 974 1505 1046 inquit
1514 974 1675 1046 Apostolus,
1689 994 1753 1034 can·

124 1079 181 1146 iim,
190 1077 243 1150 jour
258 1090 378 1147 aeaego,
401 1073 461 1128 uiuit
485 1087 545 1128 ecre
557 1071 585 1126 itt
599 1085 640 1124 me
653 1066 771 1126 Christus
783 1065 794 1140 (
808 1065 895 1122 Galat.
948 1066 1054 1122 tristerc
1069 1065 1199 1139 Spiritum
1210 1076 1338 1135 aetutem,
1356 1068 1383 1123 iu
1402 1084 1453 1140 quo
1468 1067 1563 1142 siqntoti
1577 1070 1639 1126 estis
1654 1071 1682 1125 iu
1706 1071 1750 1128 die

118 1187 143 1240 u,
154 1171 212 1238 tlh
226 1176 253 1225 et
267 1167 334 1224 illud
353 1169 412 1222 :dn
422 1165 624 1240 experimentum
636 1162 753 1234 querius
774 1163 832 1234 ejus
853 1157 897 1230 qui
947 1160 1133 1232 redemptionis
1147 1158 1258 1235 (Ephea.
1267 1178 1306 1229 nr,
1317 1159 1485 1234 dipondius
1494 1160 1751 1234 operibusSpiritus

117 1265 180 1320 inme
192 1262 305 1334 loquitur
317 1258 436 1316 cicietur
447 1259 480 1332 (ll
495 1257 555 1314 der.
580 1271 639 1325 nntr,
664 1254 692 1328 5)
705 1254 717 1309 l
731 1253 827 1324 Quale,
853 1251 897 1307 in·
947 1262 1060 1311 sanetus
1074 1255 1254 1311 contristetur
1281 1254 1416 1326 propheta
1431 1263 1637 1319 commemorat,
1655 1251 1750 1310 ntultis

116 1357 204 1429 quiunt,
216 1353 432 1426 experimentum
448 1348 549 1408 Christi
564 1358 618 1417 est,
633 1346 748 1404 audire:
767 1344 895 1400 Petreium
946 1346 974 1402 in
988 1347 1087 1405 ordine
1111 1348 1188 1404 uitiis
1212 1346 1387 1421 peccatisque
1406 1347 1530 1420 digestis,
1545 1347 1581 1404 ad
1595 1358 1749 1405 extremum

115 1465 179 1524 quere
190 1447 281 1518 reliqui
294 1443 399 1501 Troade
411 1443 482 1513 apud
495 1441 624 1512 Carpum,
638 1440 740 1496 eceiettt
750 1447 834 1494 tecam
855 1437 897 1508 αι’-
946 1440 1070 1498 inlcrene
1086 1441 1141 1498 :ln
1150 1443 1271 1498 omnihus
1280 1443 1340 1500 istie
1369 1443 1541 1498 contristabar
1564 1459 1615 1500 me.
1639 1441 1748 1515 Alioqui

116 1543 147 1614 ier
160 1539 190 1612 (ll
203 1539 268 1595 Tim.
285 1555 324 1607 nr,
337 1539 394 1608 lb).
411 1535 447 1594 Et
459 1534 524 1592 illud
540 1536 574 1592 ad
595 1533 726 1592 Galatas:
740 1531 847 1589 illicem
871 1538 896 1586 et
946 1533 1062 1591 calicem
1074 1551 1152 1607 aquae
1167 1535 1272 1608 frigidae
1298 1536 1449 1610 porrigere,
1477 1534 1562 1610 pedet
1575 1535 1680 1604 lavare,
1695 1536 1750 1592 int·

115 1631 356 1703 ecideutaequium
367 1628 524 1685 meletiani
535 1625 608 1700 (Gai
625 1641 653 1692 v.
670 1623 726 1698 ¹2).
750 1625 784 1680 Et
803 1625 829 1679 in
844 1622 896 1681 bae
946 1629 1051 1686 molare
1066 1629 1193 1698 uitulum,
1205 1629 1675 1705 prandiumprepararepeecatum
1689 1633 1743 1690 sit:

114 1722 308 1797 ipsaEpistela:
326 1721 416 1778 Simul
431 1729 515 1776 eutem
530 1727 554 1775 ct
568 1735 689 1794 prepare
714 1717 779 1773 milti
803 1717 894 1790 latei·
946 1735 1010 1779 cum
1033 1723 1153 1779 sciamus
1177 1739 1212 1780 en
1234 1723 1277 1780 his
1302 1725 1385 1783 rebus
1398 1725 1426 1782 in
1443 1723 1490 1782 hei
1517 1725 1650 1798 quosdam
1675 1726 1749 1786 lilios

115 1818 175 1872 tium.
187 1816 342 1874 lioeautem
354 1831 410 1872 non
420 1813 508 1872 solum
523 1812 669 1885 apostulis,
683 1811 731 1868 sed
751 1809 893 1883 prophetis
907 1817 933 1879 Β
945 1815 1091 1886 adoptaril
1105 1815 1164 1873 lion
1178 1824 1222 1874 est
1232 1815 1315 1889 buius
1329 1819 1461 1890 temporis
1470 1817 1505 1874 ad
1517 1819 1610 1876 urnula
1629 1834 1747 1890 respun-

113 1927 203 1985 queque
221 1911 351 1969 similiter
364 1910 499 1968 accidisse
515 1926 523 1967 ι
546 1909 618 1966 unde
634 1907 734 1980 sapius
759 1907 891 1976 scriptum
945 1908 1031 1967 dere:
1047 1911 1111 1983 quia
1127 1926 1178 1968 nee
1189 1911 1293 1983 ononia,
1305 1929 1367 1985 que
1380 1912 1420 1970 illi
1431 1929 1584 1988 preponere
1596 1914 1748 1982 solengia-

112 2005 199 2063 leretur
215 2024 223 2062 ι
242 2001 358 2062 Factum
381 2015 419 2060 est
445 2005 550 2060 een-ium
584 2003 691 2060 Dernniui
712 2003 747 2056 ml
770 1999 892 2056 Ezechiel
945 2001 1068 2058 tulimus.
1083 2003 1747 2082 Quodsinonputanteorutueseeparnaquerunt

110 2097 202 2170 trech.
214 2100 365 2175 sennheim
378 2101 412 2157 ad
425 2100 665 2171 quemlibctalium
678 2096 889 2169 prophetarum:
943 2106 971 2153 et
983 2112 1081 2170 magna
1094 2107 1169 2170 suut,
1183 2099 1302 2158 alterum
1316 2100 1385 2158 mihi
1397 2099 1588 2171 Conditorem,
1597 2101 1680 2174 juxta
1692 2103 1747 2160 ia·

110 2195 160 2266 quia
173 2202 231 2268 pust
243 2197 384 2268 expletum
400 2195 572 2260 vaticinium,
587 2207 695 2250 rursum
709 2191 736 2248 iu
746 2201 832 2248 semet
847 2208 892 2248 re·
943 2192 1087 2266 lentinum,
1101 2195 1268 2259 llareienem
1279 2197 1440 2270 etbpellen,
1452 2197 1584 2266 lormica‘,
1597 2199 1743 2268 verentium,

109 2297 213 2356 uertens,
228 2289 313 2346 bomo
331 2289 485 2346 commentis
513 2288 592 2344 lieret
607 2303 623 2344 e
637 2286 769 2362 propbeta
782 2303 789 2354 ;
804 2294 832 2343 et
844 2301 892 2342 en·
943 2289 1072 2358 culicum,
1085 2290 1253 2350 locustarum
1267 2310 1274 2348 ε
1290 2293 1407 2350 alterum
1422 2295 1499 2363 eoeli,
1521 2304 1613 2362 terre,
1643 2295 1741 2365 maris,

107 2389 173 2449 cepto
185 2383 299 2439 homino
309 2391 406 2440 nostre
417 2382 482 2440 lesu
497 2381 609 2440 Christe
621 2383 649 2438 in
664 2382 739 2438 nulle
766 2391 890 2438 sanctum
942 2390 970 2439 et
985 2382 1147 2454 annngelorum
1159 2384 1261 2441 dehent
1275 2385 1463 2444 introducere.
1474 2387 1744 2459 hnpotiusejusdem

106 2473 219 2546 Spiritum
235 2478 423 2549 permansisse
434 2475 488 2550 [di.
503 2473 775 2550 remansisse].Quod
784 2475 890 2546 signum
942 2477 1074 2549 potentiae
1088 2486 1142 2548 est,
1167 2478 1309 2550 ingenium
1322 2480 1394 2552 qued
1406 2480 1435 2536 in
1447 2479 1598 2552 majoribus
1610 2495 1748 2540 exercue-

105 2577 128 2626 et
139 2569 248 2627 loannes
261 2569 386 2643 Baptista
397 2577 549 2642 acceperat,
562 2577 592 2624 ut
605 2583 689 2641 snper
710 2584 791 2640 quem
805 2567 889 2624 nidis·
942 2571 993 2640 ris,
1014 2569 1096 2631 etiarn
1123 2572 1151 2628 in
1173 2573 1325 2630 minoribus
1350 2588 1405 2631 nou
1430 2573 1550 2646 negare?
1565 2573 1598 2629 Et
1611 2574 1744 2646 quoniam

104 2675 136 2721 set
149 2665 274 2738 Spiritum
291 2674 416 2723 sanetum
427 2664 639 2723 descendentem
651 2672 679 2722 et
690 2673 846 2723 manentem
862 2663 889 2722 in
943 2665 1091 2724 hlnrcionis
1105 2666 1223 2724 lecimus
1237 2669 1420 2736 mentionem,
1434 2667 1580 2725 Paullesse
1592 2667 1745 2739 Epistulam

104 2770 140 2824 co,
153 2759 235 2829 ipsum
250 2775 316 2816 esse
331 2757 609 2832 cognoscerem-luen.
624 2758 656 2832 ι).
671 2757 780 2830 Exque
796 2768 891 2824 osten·
941 2759 1275 2820 adPhilemeuemsaltenn
1287 2763 1424 2832 Marcione
1436 2771 1570 2822 cauctore
1580 2763 1743 2822 deceantur.

103 2851 135 2908 dit
146 2851 195 2928 [dl.
208 2851 376 2928 ostenditur]
391 2849 472 2928 743
484 2879 497 2896 ·
508 2851 591 2926 m
608 2867 691 2924 super
707 2853 807 2907 multos
830 2851 890 2922 qui·
941 2855 1067 2924 Quicum
1078 2865 1195 2913 caeteras
1205 2856 1342 2928 Epistulas
1355 2857 1479 2928 ejusdem
1494 2858 1537 2916 rel
1552 2873 1747 2929 nensuscepe-

103 2942 155 2999 dem
165 2943 334 3004 descendere
356 2944 487 3017 Spiritum
512 2953 652 3010 sanctarum
675 2943 722 3000 sed
748 2943 888 3016 proprium
941 2949 987 3016 rit,
1004 2949 1047 3006 uel
1065 2951 1189 3021 quaedam
1205 2951 1232 3007 in
1248 2951 1289 3008 his
1310 2952 1461 3008 mutaverit
1483 2962 1565 3026 atque
1580 2952 1742 3022 corroserit,

102 3035 145 3093 boc
157 3053 216 3096 esse
226 3039 382 3098 salvatoris
397 3038 514 3111 insigne,
538 3039 600 3113 quia
615 3051 774 3112 permaneat
794 3039 821 3097 in
843 3055 887 3096 eu.
946 3041 974 3097 in
988 3041 1062 3098 hanc
1077 3041 1164 3098 selann
1185 3057 1283 3098 manus
1307 3059 1362 3100 non
1377 3052 1422 3100 est
1436 3058 1522 3100 ausus
1544 3044 1652 3100 mittere
1666 3044 1746 3116 :quia

101 3127 174 3187 lliset
187 3133 299 3190 ceteris
312 3132 479 3200 istiusmodi,
494 3132 589 3188 voltnnt
603 3140 651 3189 aut
665 3131 815 3203 Epistulam
834 3148 887 3188 nen
941 3149 990 3191 sua
1005 3133 1081 3190 illam
1097 3135 1220 3192 brevitas
1243 3136 1418 3194 deleudehat.
1436 3137 1491 3194 Scd
1511 3138 1578 3194 mihi
1602 3137 1745 3207 ridentur,

99 3235 150 3280 esse
163 3225 251 3295 Pauli,
268 3242 333 3299 quae
346 3226 380 3282 ad
394 3225 583 3284 Philemonem
595 3227 724 3282 scribitur
736 3244 742 3280 :
755 3226 889 3282 autetiam
904 3221 928 3286 C
942 3226 1007 3283 dnuu
1019 3226 1165 3300 epistelam
1181 3227 1366 3300 simplicitatis
1392 3240 1522 3299 arguunt,
1537 3244 1615 3286 suam
1631 3230 1745 3299 imperi·

99 3316 117 3372 ιι
129 3316 199 3375 Pauli
212 3319 261 3390 sit,
281 3318 351 3376 nibil
365 3319 466 3376 hahere
488 3319 562 3391 quod
577 3318 713 3375 aedillcare
723 3333 773 3376 nos
785 3318 890 3390 possit;
944 3321 1009 3376 tiam
1025 3321 1155 3393 prodere,
1170 3338 1227 3380 non
1241 3323 1428 3396 intelligentes
1439 3326 1503 3397 quid
1517 3326 1544 3381 iu
1555 3324 1671 3399 singulis
1682 3342 1745 3384 ser·

97 3419 144 3468 eta
154 3411 294 3487 plerisque
308 3413 447 3471 ueteribus
470 3411 651 3485 repudiatam,
670 3411 735 3469 dum
751 3427 891 3470 commen·
943 3414 1073 3473 monibus
1088 3416 1198 3474 uirtutis
1212 3431 1244 3473 ac
1258 3419 1402 3490 sapientie
1424 3418 1518 3476 lateat.
1534 3419 1613 3490 Quae,
1638 3419 1745 3478 orami-

99 3503 169 3564 dnndi
194 3515 303 3566 tautum
331 3509 468 3565 scribatur
491 3505 594 3576 cilicie,
623 3522 677 3564 uon
705 3505 834 3565 ducendi.
855 3505 891 3563 At
944 3507 996 3565 bns
1012 3507 1100 3576 robis,
1115 3518 1143 3565 et
1157 3510 1311 3581 ipsonobis
1326 3518 1422 3568 saneto
1437 3511 1542 3582 Spiritu
1567 3521 1744 3586 suggerente,

98 3605 242 3661 econtrario
254 3603 304 3677 qui
318 3618 458 3677 germane
469 3601 642 3660 auctoritatis
653 3617 712 3659 eam
729 3603 890 3659 essedelen-
942 3616 997 3670 qne
1012 3603 1116 3674 scripta
1132 3609 1207 3669 suut,
1232 3605 1291 3659 suis
1305 3603 1376 3662 locis
1391 3605 1544 3678 explanare
1567 3605 1742 3664 cantabimur.

96 3693 162 3763 dum,
172 3695 267 3754 dicunt
277 3711 428 3769 numquam
445 3697 472 3754 in
486 3703 545 3752 tote
558 3695 626 3753 orbe
638 3711 653 3752 a
664 3698 771 3752 eunctis
796 3695 891 3754 Eccle-
941 3693 972 3752 si
985 3703 1078 3752 autem
1093 3695 1217 3754 brevitas
1230 3696 1350 3754 habetur
1375 3698 1557 3769 contemptui,
1586 3708 1746 3756 contemna-

96 3790 135 3846 siis
145 3789 226 3850 luisse
237 3800 411 3864 susceptam,
426 3789 478 3847 nisi
492 3789 570 3847 Pauli
589 3789 887 3859 apostolicrederetur:
942 3795 987 3843 tur
999 3787 1113 3857 bbdias,
1129 3789 1229 3858 Naunn,
1244 3789 1414 3862 sophonias,
1424 3790 1507 3848 etalii
1519 3791 1664 3848 duedecim
1679 3807 1743 3864 pro-

96 3893 120 3937 ιι
131 3881 177 3939 hae
189 3883 251 3957 lege
271 3899 308 3940 ne
321 3883 470 3941 secundam
488 3882 597 3956 quidem
612 3881 646 3939 ed
662 3880 847 3950 Timotheum,
861 3891 891 3940 et
941 3880 1088 3952 puetarum
1105 3879 1171 3954 [At.
1188 3882 1329 3956 prophetoe
1342 3881 1364 3958 ],
1379 3881 1460 3958 745
1475 3915 1488 3926 -
1502 3881 1585 3956 m
1600 3885 1627 3940 in
1642 3884 1744 3956 quihus

94 3972 122 4030 ad
135 3974 302 4036 Galataseos
314 3975 417 4034 debere
434 3977 586 4045 suscipere,
602 3975 745 4046 dequibus
760 3983 815 4032 et1¹
830 3975 889 4045 ipse
941 3980 995 4028 tant
1008 3975 1077 4029 mira
1093 3983 1122 4031 et
1136 3985 1190 4031 tam
1205 3977 1321 4049 grandia
1337 3989 1401 4033 sunt
1413 3992 1475 4047 quac
1497 3976 1634 4045 teruntur,
1651 3988 1679 4033 nt
1695 3992 1743 4035 nc·

94 4067 207 4128 bumana
218 4069 422 4129 imbecillitatis
436 4069 562 4140 exempla
573 4069 719 4140 protulerit
735 4088 741 4124 :
757 4067 889 4125 Penelem
940 4067 1013 4125 scies
1027 4081 1120 4124 atrum
1140 4067 1306 4126 brevitatem
1328 4083 1485 4126 sermonum
1497 4069 1525 4123 in
1538 4068 1592 4126 illis
1606 4068 1738 4127 admirari

94 4179 161 4236 quem
169 4165 265 4240 reliqui
277 4163 382 4221 Troade
391 4163 463 4235 epod
477 4163 600 4236 Carpum,
612 4164 716 4219 eenricus
741 4173 825 4220 tecum
847 4164 889 4237 ef·
940 4159 1054 4230 debeas,
1069 4176 1105 4217 an
1118 4162 1334 4233 magnitudinem
1346 4176 1488 4218 sensuum.
1504 4160 1583 4229 Quod
1599 4160 1623 4217 si
1637 4161 1744 4219 iutelli-

94 4257 141 4328 ιιι,
154 4266 200 4315 ei:
217 4256 331 4316 Utinam
341 4257 497 4326 excidentur
511 4259 556 4329 qui
572 4273 618 4312 eos
631 4257 796 4314 conturbent.
810 4256 888 4314 innte-
939 4256 1087 4328 gereutlni,
1102 4257 1150 4329 qui
1166 4257 1316 4329 Epistulam
1331 4255 1366 4313 ad
1377 4255 1566 4312 Philemonem
1582 4255 1744 4330 repudiant,

90 4349 135 4409 nini
160 4352 282 4425 plurima
297 4361 325 4410 et
339 4352 374 4408 ad
388 4351 539 4421 Romanos,
560 4361 588 4410 et
602 4351 637 4409 ad
660 4361 774 4410 caeteras
796 4351 889 4410 Eccle
939 4365 1089 4424 numquam
1106 4350 1272 4407 breuitatem
1287 4349 1549 4421 despicerentzqnee
1564 4363 1616 4422 pre
1627 4349 1744 4405 iacilnio·

89 4445 138 4502 sias
164 4447 343 4520 maximeque
362 4445 398 4502 ad
417 4445 576 4504 Corinthios
602 4447 745 4504 remissius
756 4456 784 4504 et
795 4448 887 4520 quoti·
938 4447 979 4504 sis
991 4445 1223 4518 Legisoneribus,
1234 4443 1396 4518 evangelice
1407 4444 1509 4501 decere
1520 4444 1674 4516 conscripta
1688 4454 1742 4514 cst,

89 4536 250 4614 dianopenc
273 4554 406 4601 sermone
425 4541 538 4610 dictata,
558 4541 586 4598 in
613 4542 713 4614 quihus
737 4541 887 4616 Apostolus
938 4539 1003 4598 dum
1022 4541 1177 4599 breviatum
1191 4547 1468 4610 consummatumque
1492 4552 1653 4595 sermenem
1676 4535 1743 4593 lacit

89 4629 206 4704 loquatur
218 4651 228 4693 ε
239 4634 352 4692 Ceteris
363 4635 581 4710 cutmegodice,
594 4651 646 4692 neu
657 4635 793 4693 Dominus.
809 4637 883 4706 Quas
896 4619 923 4684 D
935 4634 1070 4691 Dominus
1082 4649 1165 4708 super
1179 4642 1293 4691 terram.
1307 4633 1362 4691 Sed
1373 4634 1429 4705 jana
1444 4633 1505 4706 ipsa
1517 4631 1644 4708 Apostoli
1656 4631 1742 4689 rerba

88 4725 191 4802 etipsas
202 4729 271 4803 quia
283 4727 387 4802 aliquid
399 4729 455 4786 tale
467 4729 578 4800 habent,
592 4739 639 4787 aut
655 4729 731 4788 Pauli
746 4731 880 4808 epistolas
938 4729 1065 4804 ponenda
1079 4739 1155 4799 sunt,
1172 4744 1234 4804 que
1246 4729 1284 4786 ita
1295 4729 1441 4802 incipiunt.

87 4912 138 4973 lent
147 4916 218 4977 banc
226 4914 385 4986 Epistulam
391 4917 512 4988 recipere
524 4926 554 4973 ut
563 4915 809 4990 PauliEpistelam‚
824 4935 878 4978 uon
932 4919 1081 4978 ieeiilitetia
1094 4921 1213 4993 exemplo
1225 4921 1403 4992 protulerunt.

86 5002 130 5056 pro
141 4989 196 5046 illis
211 4990 262 5061 qui
277 4987 449 5045 eontrarium
465 4989 637 5046 asserebant.
661 4990 730 5047 lllud
742 5007 809 5050 rere
824 5009 880 5050 neu
968 4991 982 5033 ¹²
1002 4993 1091 5050 Penes
1117 4992 1320 5061 ilartianaeum,
1333 5009 1477 5049 cremares
1495 5008 1524 5048 ae
1537 4991 1597 5064 refe
1615 4992 1668 5049 eri.
1682 4990 1741 5047 Vo-

86 5059 235 5130 lerendu,
247 5060 324 5133 qued
335 5061 427 5118 exbao
435 5071 627 5133 praeconcepta
640 5065 880 5133 opinionetextum
933 5065 1010 5123 cules
1022 5082 1040 5119 e
1053 5081 1082 5119 se
1096 5064 1200 5122 llictor.
1227 5066 1368 5138 expungit.
1390 5066 1445 5123 Sed
1473 5066 1561 5135 ipsam
1612 5063 1739 5120 ahbauus

86 5129 112 5188 S.
125 5131 215 5191 Patris
234 5133 266 5190 in
281 5132 449 5188 contrarium
464 5147 574 5190 sensum
591 5135 713 5202 mutarit,
730 5137 882 5206 legeritque
934 5136 1157 5207 praepositionem
1176 5138 1205 5193 in
1229 5137 1312 5193 rerbo
1333 5137 1453 5211 refugeri
1481 5138 1601 5206 ignorat.
1627 5133 1740 5204 Perspi-

86 5217 117 5259 en
128 5205 273 5277 corruptis
297 5201 452 5273 codicibus,
480 5204 532 5273 Qui
547 5207 639 5260 coleret
652 5207 717 5262 iuter
734 5207 881 5279 Epictetus,
934 5223 1015 5264 etrum
1027 5223 1129 5280 nempe
1143 5219 1197 5274 est,
1210 5224 1244 5266 ex
1256 5210 1375 5279 repetito
1386 5209 1482 5278 uerbo,
1498 5222 1626 5276 asserere,
1650 5219 1737 5263 uoces

85 5283 145 5344 cte,
158 5291 210 5347 pro
224 5275 333 5332 uolunt.
348 5271 454 5332 Clamat
463 5290 509 5333 res
524 5278 726 5349 ipsa,totusque
735 5289 881 5337 contextus
934 5279 997 5335 illas
1012 5288 1117 5336 temere
1130 5278 1214 5337 luisse
1228 5280 1358 5337 intrusae.

82 5361 171 5404 eorem
186 5347 236 5405 hic
250 5344 371 5418 proponi
399 5355 569 5419 argumenta,
586 5350 633 5420 qui
648 5347 718 5406 bane
731 5350 880 5422 Epistulam
971 5361 982 5390 ι
1003 5349 1204 5418 Tertullianus,
1214 5352 1262 5408 lib.
1273 5367 1291 5407 r
1304 5351 1659 5420 contrallareionem,eap.
1671 5349 1741 5404 triti·

83 5420 259 5489 repudiarent
276 5417 381 5489 :idque
394 5433 428 5475 eo
439 5419 542 5476 certius
554 5430 606 5486 est,
617 5421 791 5493 quodeadem
802 5424 882 5494 plane
933 5438 979 5480 mo
996 5439 1004 5478 r
1019 5421 1078 5480 Soli
1089 5424 1148 5479 heic
1163 5423 1289 5497 Epistoloe
1302 5424 1412 5481 breuius
1422 5441 1472 5480 see
1493 5421 1604 5496 profuit,
1613 5431 1641 5475 m
1653 5419 1739 5492 sulse·

83 5499 109 5546 et
131 5491 201 5563 apud
227 5488 272 5548 ch
307 5497 473 5559 sostomum,
490 5499 518 5546 et
543 5492 616 5559 apud
643 5491 880 5567 Tlteephylactum
933 5497 986 5550 tius
1010 5510 1103 5551 moues
1125 5495 1269 5552 dlereiotu'e
1293 5497 1424 5553 euaderet.
1451 5495 1484 5551 Et
1509 5494 1626 5558 abipsis
1642 5501 1735 5549 mannen

84 5575 241 5631 causemur,
267 5565 276 5616 l
299 5565 368 5634 „qui
385 5561 465 5634 hujus
485 5565 697 5635 germanitatem
723 5567 883 5638 scriptionis
934 5565 1101 5622 Marcionitis
1116 5568 1187 5625 hane
1201 5569 1289 5636 ipsum
1303 5569 1415 5640 penitus
1429 5565 1553 5622 uitiatam
1575 5563 1653 5621 delet
1669 5564 1734 5636 Epi·

83 5633 328 5764 impufflghaeus
340 5713 402 5777 post
415 5705 560 5766 Erasmum
586 5719 610 5768 et
625 5708 676 5786 ipsi
695 5711 818 5770 humone
830 5710 866 5768 im
934 5637 1052 5713 phanias
1062 5649 1161 5696 coum
1171 5640 1275 5698 Hm
1293 5640 1343 5698 'ib‘
1356 5656 1378 5712 ¹⁹
1401 5655 1460 5711 cap·
1478 5639 1525 5708 η’
1539 5654 1617 5694 ,ΝΜ
1632 5635 1664 5692 9·

564 5750 572 5782 ,
867 5741 881 5760 W
