4000 6334
229 317 282 376 ddi
619 309 794 374 tnrbbuttt
813 312 860 373 to
878 311 1002 374 rubblt
1022 307 1202 374 Subututtu
1221 311 1251 370 S.
1272 309 1476 390 tttbllolltttt.
1825 307 1880 370 dlii

230 426 412 500 cogitationes
432 425 546 484 nimium
564 427 763 499 superborum,
787 427 815 484 in
831 425 1029 498 blasphemiam
1040 426 1068 488 Α
1080 425 1170 498 gimus
1185 425 1220 484 de
1234 425 1356 484 tenebris
1374 421 1554 482 inlidelitatis.
1567 422 1656 481 llomo
1671 419 1718 481 bic
1730 419 1832 496 impius
1844 421 1879 477 ad

228 528 425 594 proruperunt.
1080 517 1172 575 lumen
1185 519 1355 592 poenitentiae
1369 518 1465 576 venire
1479 518 1624 576 detrectat.

266 613 373 687 Operuit
395 612 488 684 faciem
508 616 567 687 ojus
581 613 736 670 crouttutto.
756 612 853 670 Facies
868 611 1028 684 plerumque
1115 613 1213 671 Rumor
1235 616 1291 688 ejua
1313 614 1437 686 maturiet
1462 615 1580 685 pumma.
1596 613 1626 669 ln
1647 609 1745 682 nmis,
1765 624 1878 684 operum

226 707 286 779 ipsa
300 721 377 764 mens
390 707 487 763 animae
500 705 672 778 intelligitur,
687 716 718 764 ut
731 707 769 763 ait
784 706 952 776 Apostolus:
969 702 1028 760 Nor
1079 706 1214 764 malorum
1234 705 1340 763 lrnctoa
1362 705 1562 776 intelligamus,
1582 706 1655 762 sicut
1670 703 1800 763 Salomon
1821 701 1880 758 ait:

225 809 313 856 orntum
325 799 437 854 reuolue
446 799 514 872 sacia
524 799 634 874 gloriam
645 799 753 855 Domini
766 799 940 872 specttlomur.
953 797 1028 853 llane
1079 795 1193 854 Fructus
1209 798 1350 872 impiorum
1371 806 1487 866 peccatu.
1499 797 1554 854 llos
1576 811 1642 854 vero
1654 796 1731 854 velut
1744 794 1828 868 ligna,
1843 792 1883 851 le·

225 891 353 950 diabolus
362 890 421 948 sine
433 891 533 964 impius
546 892 630 950 hauto
641 893 786 950 sanctitate
797 907 845 948 seu
860 889 1025 958 bumilitate,
1079 907 1156 960 num,
1170 893 1299 963 stipulam
1314 891 1447 964 gebenna
1459 891 1530 964 ignis
1540 891 1676 948 absumet.

225 999 353 1042 serenam
373 1000 427 1042 non
442 984 541 1054 babet,
556 985 614 1043 sive
629 985 817 1058 perspicuam,
831 983 879 1040 sed
893 983 1027 1040 erassitn-
1114 985 1149 1042 Et
1166 988 1301 1059 auferetur
1310 986 1406 1057 spiritu
1419 986 1472 1043 oris
1484 987 1524 1042 arri
1539 985 1573 1040 ui
1586 1002 1627 1042 eo.
1643 983 1713 1053 Quia
1725 997 1792 1057 ergo
1804 982 1883 1039 luror

225 1075 291 1134 dine
304 1085 427 1148 opertam
443 1078 598 1149 superbia,
615 1094 675 1150 quae
689 1092 764 1135 caeeo
779 1077 864 1134 eorde
876 1076 923 1146 sit,
935 1085 963 1134 et
978 1077 1028 1132 ob-
1078 1091 1176 1138 contra
1189 1081 1276 1138 ileum
1287 1080 1397 1137 animoa
1406 1081 1466 1152 ejus
1478 1089 1535 1147 est,
1549 1094 1605 1152 quo
1617 1079 1700 1136 etiam
1715 1089 1743 1135 et
1754 1076 1883 1149 blaspbe-

225 1176 300 1224 tuso.
313 1165 374 1224 lilia
387 1167 497 1225 editio:
521 1166 630 1244 Operuit
650 1170 743 1241 sociem
765 1170 820 1241 uua
844 1177 977 1241 tamqnam
997 1168 1027 1222 in
1078 1174 1148 1230 mias
1165 1174 1191 1229 iu
1206 1187 1269 1230 eum
1282 1173 1387 1242 spirare
1399 1189 1453 1229 non
1468 1171 1586 1230 desinit:
1601 1171 1659 1228 oria
1672 1170 1727 1234 aui,
1741 1170 1791 1241 ait,
1804 1169 1880 1242 judi·

225 1262 304 1336 adipe
314 1279 381 1332 auo,-
391 1271 531 1336 tamqnam
546 1261 665 1320 diceret:
676 1263 804 1335 snperbia
814 1261 943 1319 videlicet
955 1269 1025 1328 atra,
1078 1266 1122 1323 cio
1136 1264 1348 1322 condemnatur.
1362 1265 1520 1322 Secundum
1546 1264 1685 1338 antiquam
1701 1279 1769 1337 ergo
1783 1261 1883 1320 editio·

223 1366 319 1414 auctor
338 1355 459 1412 omnium
480 1355 626 1412 vitiorum:
649 1371 704 1412 non
725 1353 823 1423 tenni,
843 1362 870 1410 el
885 1350 1027 1426 perlucida
1078 1373 1141 1416 nem
1164 1358 1193 1414 in
1213 1359 1300 1430 stirpe
1322 1358 1381 1415 aive
1407 1357 1529 1427 fronde,
1554 1358 1687 1431 originem
1714 1359 1778 1414 ritae
1804 1355 1883 1429 impii

223 1447 387 1505 humilitatis
400 1450 502 1508 virtute
516 1450 593 1508 velut
608 1451 728 1522 pretioso
742 1451 843 1506 amictu
858 1463 889 1505 se
903 1445 1025 1514 restitit,
1080 1450 1229 1520 significari
1243 1451 1381 1520 existimo,
1400 1467 1481 1523 qoam
1492 1450 1613 1523 Spiritus
1628 1451 1827 1509 beiaeutentia
1838 1449 1883 1521 jn·

224 1541 274 1600 aed
288 1541 323 1598 de
342 1541 431 1614 seipsa
445 1542 510 1599 lecit
522 1542 549 1599 ei
564 1542 768 1613 qrrodammodo
783 1541 915 1608 derisum,
926 1547 1028 1598 ιιιιι-
1079 1543 1163 1612 dieii,
1178 1553 1210 1600 ut
1222 1545 1357 1602 incubans
1376 1553 1477 1602 venitus
1499 1545 1636 1616 percutit:
1652 1553 1682 1601 ut
1701 1543 1777 1601 relat
1798 1544 1883 1600 arbor

224 1637 367 1694 timentum
382 1636 611 1708 obscurumque
626 1637 782 1710 snperbiam
795 1649 888 1693 crassa
902 1635 1027 1691 caecitate
1077 1637 1214 1696 arefactos
1229 1639 1330 1710 impius
1350 1637 1425 1695 illico
1447 1639 1597 1710 moriatur,
1612 1648 1640 1697 et
1660 1639 1699 1696 ita
1724 1638 1817 1697 omnia
1831 1638 1883 1696 llos

223 1727 315 1784 cordis
330 1727 505 1784 obtunderet.
1078 1731 1191 1789 bonoria
1201 1732 1260 1804 ejus
1275 1740 1303 1788 ot
1316 1732 1411 1804 gloriae
1425 1731 1539 1790 delluat.

261 1820 295 1877 El
308 1820 1064 1898 delulert'btteejttrurbinatlepertdel.PotbttnilaiettlB
1114 1825 1176 1882 Non
1197 1827 1299 1881 recedet
1316 1827 1416 1898 frustra
1436 1823 1767 1900 moredeeeptue‚qued
1788 1823 1882 1899 ulique

223 1914 296 1986 eius,
316 1914 436 1972 ministri
451 1917 511 1972 siue
523 1916 633 1974 sodales
648 1917 778 1991 intelligi,
791 1916 837 1988 gni
848 1916 909 1987 ejus
920 1913 1025 1970 similes
1076 1918 1160 1992 pretio
1172 1918 1340 1975 redimendus
1352 1919 1397 1974 rit.
1412 1918 1470 1976 iloc
1490 1920 1573 1992 lgitur
1585 1922 1638 1987 ait,
1656 1929 1733 1990 putat
1753 1919 1882 1977 lortaasis

224 2008 400 2066 exstiterunt.
416 2009 475 2065 lion
490 2009 609 2068 absurde
622 2011 707 2068 etiam
727 2025 808 2067 aures
825 2007 1024 2080 intelliguntur,
1075 2010 1211 2082 diabolus,
1222 2022 1250 2069 et
1264 2012 1348 2069 bomo
1362 2011 1464 2082 impius
1477 2013 1571 2070 cordis
1584 2012 1684 2071 duritia
1696 2013 1724 2070 in
1737 2012 1883 2086 impietate

222 2119 283 2175 gnae
297 2102 390 2173 utique
409 2103 436 2159 in
456 2103 595 2161 audientia
617 2105 837 2178 impinguantur:
853 2102 925 2159 nude
941 2100 1024 2158 nimia
1076 2104 1238 2176 persistens,
1251 2104 1325 2176 quod
1349 2105 1421 2162 bens
1434 2105 1461 2163 ei
1474 2120 1523 2177 pro
1541 2105 1599 2162 sois
1610 2108 1716 2164 meritis
1727 2124 1783 2163 nou
1800 2107 1884 2163 retri-

221 2197 342 2254 surditaa
356 2196 565 2254 contumacibus
579 2208 744 2269 generatur,
761 2194 912 2252 seeuttdom
937 2193 1023 2251 iliud:
1075 2197 1142 2254 boat
1157 2215 1163 2252 :
1180 2197 1244 2254 dum
1265 2197 1338 2256 lleus
1358 2213 1527 2271 rteqoaguam
1542 2199 1569 2256 ei
1584 2202 1681 2273 parcit,
1696 2209 1725 2257 et
1745 2201 1771 2257 si
1785 2200 1882 2258 verbis

220 2291 404 2349 luunmutum
413 2301 451 2346 ert
465 2307 511 2348 cor
523 2293 616 2365 populi
629 2293 718 2364 buius.
731 2289 793 2348 Alia
818 2291 904 2348 editio
917 2307 924 2344 :
950 2286 1026 2344 Fecit
1076 2290 1130 2348 lnoc
1143 2291 1301 2363 potentibus
1324 2301 1405 2364 atque
1421 2293 1582 2365 compositis
1596 2303 1626 2350 ut
1639 2293 1763 2350 obtineat
1777 2292 1880 2364 depre-

221 2386 400 2459 capitupuium
409 2385 725 2460 mperfemern.llidetur
739 2381 1025 2441 milriisteveraicnlus
1075 2394 1170 2451 cetur,
1192 2399 1255 2441 oum
1278 2385 1335 2456 jam
1357 2386 1509 2443 meandum
1534 2384 1581 2441 bet
1603 2385 1706 2457 justum
1725 2385 1881 2457 iudicium,

222 2495 334 2540 sensum
356 2480 545 2554 nujuscemodi
567 2479 727 2545 cotrtioere,
742 2476 816 2550 quod
832 2479 858 2534 in
873 2475 927 2532 hoo
941 2474 1025 2547 impio
1074 2477 1250 2548 sempiternis
1263 2476 1390 2534 addictus
1403 2479 1440 2534 sit
1454 2476 1635 2535 cruciatibus.

220 2571 390 2647 increpetur,
406 2574 469 2646 quia
486 2575 592 2632 lreuum
606 2572 778 2644 disciplinae,
794 2585 849 2643 quo
862 2569 896 2625 ad
911 2569 1026 2623 virtutes
1111 2567 1256 2642 Antequam
1270 2568 1326 2624 dier
1341 2573 1399 2643 eiua
1413 2569 1584 2642 impleantur,
1599 2568 1706 2642 peribit.
1721 2567 1803 2628 Tune
1822 2567 1883 2628 dies

218 2667 334 2724 retineri
351 2675 477 2740 poterat,
498 2655 602 2724 babere
617 2665 750 2731 noluerit,
766 2662 814 2720 sed
830 2662 864 2717 ad
879 2658 1025 2732 quamdam
1075 2663 1289 2736 uniuscnjusque
1305 2664 1412 2736 impleri
1426 2664 1538 2734 dieitur,
1551 2680 1614 2722 aum
1629 2666 1765 2723 buoomm
1786 2665 1881 2724 bomi-

219 2777 252 2820 se
268 2763 358 2835 potins
378 2761 601 2833 dissolutionem,
616 2760 744 2832 deposito
757 2759 840 2814 animi
857 2757 961 2828 rigore,
976 2754 1026 2812 de·
1076 2771 1141 2812 nom
1153 2757 1333 2813 aemulorum
1346 2758 1494 2814 retributio
1505 2759 1622 2816 verterit.
1637 2758 1688 2817 llio
1700 2774 1767 2833 ergo
1782 2759 1882 2830 bomo,

216 2856 327 2930 jecerit,
342 2866 373 2913 ut
388 2855 467 2928 qnasi
481 2855 540 2912 loro
555 2855 645 2911 laxato
659 2854 693 2911 ad
708 2852 890 2925 voluptatem,
903 2857 933 2908 et
947 2850 1026 2906 luxu·
1074 2849 1133 2906 sire
1144 2849 1281 2918 diabolus,
1295 2862 1360 2908 ante
1373 2851 1524 2925 perspicuae
1537 2856 1684 2912 sententiae
1695 2853 1782 2924 dien,
1796 2870 1882 2928 qoam
1989 2909 1990 2942 ζ

218 2951 289 3008 riaru
305 2951 498 3009 deduceretur.
1074 2942 1116 2998 eia
1128 2942 1258 2999 [lominus
1273 2944 1301 2999 in
1313 2942 1417 3015 jndicio
1429 2943 1546 3002 daturus
1558 2955 1617 3004 eat:
1631 2948 1755 3018 praesciit
1767 2947 1796 3004 iu
1810 2963 1884 3021 prae·
1989 2953 1990 2990 ἒ

257 3043 393 3100 llolituoit
406 3045 435 3100 in
446 3043 593 3100 ciuitatibus
608 3043 750 3113 desolatis,
766 3051 791 3098 et
809 3042 838 3098 in
850 3041 968 3098 dumibus
979 3041 1026 3096 tle·
1074 3035 1258 3094 destinatione
1273 3035 1329 3111 [Al.
1342 3039 1485 3110 praeaoitus
1495 3037 1597 3111 peribit
1608 3056 1615 3093 t
1627 3041 1699 3097 sicut
1709 3038 1748 3107 in,
1761 3039 1841 3114 atel.

218 3140 313 3210 sertio,
331 3155 390 3212 paor
409 3140 437 3194 in
462 3138 576 3195 tumulos
599 3147 659 3196 runt
681 3138 804 3194 reductae.
821 3136 1023 3194 Habitationem
1110 3128 1248 3186 Elututtttr
1260 3133 1455 3204 deaurarent.
1466 3129 1577 3188 Nullum
1598 3130 1771 3205 utlgueboni
1784 3134 1883 3205 operis

220 3247 287 3306 ergo
300 3232 460 3302 bestiarum,
475 3241 504 3290 et
516 3232 607 3289 arium
626 3232 828 3290 immundarum
842 3231 955 3302 spiritua
971 3218 1060 3286 ιιι-0
1075 3225 1193 3280 lructum
1207 3225 1233 3279 in
1249 3238 1279 3280 se
1294 3222 1409 3282 babens.

220 3324 431 3383 mundosdioit:
445 3327 490 3395 gul
508 3325 629 3381 babitaut
645 3326 671 3381 in
688 3325 856 3393 bominibus,
868 3338 936 3395 quoa
949 3322 1024 3380 Deus
1110 3317 1232 3374 Loedetur
1246 3319 1321 3390 puori
1335 3320 1410 3376 uinco
1422 3320 1449 3376 in
1464 3320 1550 3394 prima
1573 3322 1639 3393 pore
1660 3323 1751 3377 botrata
1764 3321 1845 3390 eiua,
1859 3331 1886 3378 rt

220 3417 354 3474 deseruit.
371 3418 420 3475 llic
433 3419 506 3474 enirn
523 3416 628 3474 habitat
641 3419 669 3474 in
685 3417 842 3474 bominibus
855 3415 993 3473 derelictis
1007 3430 1024 3472 a
1074 3414 1152 3485 quari
1166 3412 1235 3468 oliuu
1249 3414 1390 3488 projictenr
1401 3417 1494 3488 piuant
1508 3431 1596 3472 amur.
1608 3414 1638 3472 iu
1650 3416 1731 3472 botro
1745 3417 1817 3473 nulli
1830 3415 1886 3473 dn·

222 3513 278 3568 beo
292 3529 299 3568 a
315 3524 343 3568 ιι
358 3511 394 3569 ob
409 3513 461 3568 boe
479 3511 606 3584 sepnlora
619 3510 683 3569 laeti
703 3520 768 3568 auru
790 3520 974 3569 mortuorum.
991 3510 1025 3566 Et
1074 3504 1171 3572 bium,
1200 3505 1273 3578 guod
1299 3504 1406 3564 tructus
1418 3508 1511 3579 operis
1531 3508 1699 3580 intelligatur
1717 3509 1885 3580 praedictus.

221 3605 367 3677 sipeccata
387 3603 415 3660 in
435 3603 582 3677 scripmrts
597 3605 697 3660 mortui
718 3603 865 3678 aliquando
884 3602 1023 3669 dicuntur,
1075 3595 1160 3670 igitur
1184 3597 1282 3655 llorem
1304 3598 1397 3670 gaudii
1423 3601 1603 3673 temporalis,
1631 3601 1666 3658 ad
1691 3603 1887 3659 maturitatem

219 3698 379 3756 necessario
392 3713 568 3770 peccatores,
585 3707 613 3755 et
627 3697 702 3770 impii
715 3699 811 3754 tumuli
825 3706 890 3754 sunt
905 3707 1026 3754 mortuo-
1075 3692 1181 3747 tructus
1201 3692 1325 3762 perpetui
1341 3693 1494 3764 perdocere
1509 3710 1563 3752 non
1578 3695 1700 3764 valebit,
1717 3711 1752 3754 eo
1767 3697 1846 3769 guod
1857 3697 1888 3754 iu

220 3809 293 3852 rom.
303 3793 424 3866 lgiturin
435 3793 603 3862 civitatibus,
614 3802 702 3862 potest
712 3792 841 3865 generale
851 3807 951 3848 noman
962 3803 1025 3848 esse
1075 3796 1126 3855 epe
1139 3783 1200 3856 ipsa
1213 3784 1353 3843 mendacis
1361 3787 1467 3859 gloria,
1482 3787 1571 3846 calido
1584 3795 1667 3846 rerrto
1680 3790 1823 3860 snperbia
1833 3789 1889 3847 dis·

222 3887 343 3943 oninium
360 3895 535 3958 peccatorum
545 3887 573 3942 in
584 3885 787 3942 domibuauero
796 3883 917 3956 speciale
929 3881 1025 3940 unius·
1076 3877 1222 3949 sipabitor.
1239 3879 1303 3936 Siue
1318 3878 1423 3953 lrigore
1435 3882 1578 3940 charitatis
1592 3883 1651 3954 bel,
1664 3883 1739 3942 uelut
1752 3900 1770 3940 a
1785 3885 1888 3956 pruina

224 3979 356 4051 cujusque
371 3980 535 4050 peccatoria,
550 3977 683 4048 olimpii.
1075 3971 1207 4041 laedetur,
1221 3972 1293 4028 aient
1304 3973 1404 4030 emero
1424 3989 1507 4034 sunau
1522 3977 1550 4033 in
1564 3975 1743 4048 sequentibus
1757 3979 1889 4034 arbitror

261 4072 324 4128 lion
338 4073 472 4142 ditabitur,
486 4087 533 4127 nec
544 4071 714 4142 perennabit
723 4069 870 4126 mutuatio
879 4065 1027 4141 eiuasub-
1076 4062 1236 4122 dictamno
1248 4066 1326 4134 quasi
1339 4067 1412 4124 olina
1429 4068 1580 4139 projiciens
1591 4067 1688 4125 liorem
1700 4083 1795 4126 suum.
1804 4069 1889 4126 Olina

224 4165 325 4226 atentia
341 4167 386 4222 bie
400 4180 453 4223 non
469 4181 560 4222 rerunt
575 4163 680 4222 divitie
690 4164 874 4235 intelligendae
887 4172 961 4234 sunt,
976 4162 1026 4222 sed
1076 4157 1150 4213 ellim
1163 4160 1190 4212 ln
1202 4156 1355 4228 scripturis
1365 4158 1480 4229 divinis,
1490 4167 1520 4218 et
1532 4162 1626 4228 vinea,
1639 4160 1791 4233 aliquando
1800 4163 1888 4220 boma

224 4268 357 4333 peccata:
381 4257 415 4314 de
431 4258 531 4324 quibus
546 4257 712 4314 aitsanctus
732 4255 851 4327 Spiritus
870 4254 900 4312 in
919 4256 1028 4324 Apoca-
1076 4255 1183 4306 uotum
1198 4249 1386 4321 signibcatur:
1401 4252 1683 4326 aliquandopopuloa
1709 4270 1761 4313 seu
1780 4255 1888 4327 bouus,

224 4353 294 4426 lypsi
307 4351 431 4408 inermia.
444 4350 558 4417 Cecidit,
576 4351 669 4406 cecidit
683 4347 804 4421 babylon
817 4347 907 4404 aionon
919 4365 1025 4422 arogno,
1077 4356 1126 4400 seu
1139 4344 1239 4401 malos.
1250 4343 1329 4413 Quod
1338 4355 1433 4406 autem
1446 4348 1537 4419 dixit,
1551 4349 1717 4420 vastabitur,
1730 4352 1793 4410 sire
1806 4368 1892 4410 erer-

225 4455 249 4502 et
259 4450 331 4517 suctu
342 4444 771 4512 eatltubitucuiumdoemorriorum,
782 4443 1027 4500 etruatodiourrtnia
1077 4441 1163 4505 leitil,
1178 4436 1215 4492 lta
1231 4434 1458 4512 intelligendum,
1474 4439 1546 4497 sicut
1566 4441 1595 4497 in
1615 4440 1785 4516 Apocalypsi
1799 4443 1893 4503 babe-

226 4539 334 4613 spiritur
356 4537 495 4594 immundi.
515 4537 593 4606 Quod
617 4549 709 4596 autern
722 4538 780 4602 ait,
801 4551 856 4592 nott
877 4536 1025 4596 ditabitur:
1078 4536 1140 4584 ¹⁰¹²
1156 4527 1209 4598 (Μ
1221 4529 1312 4601 {mili
1330 4530 1455 4587 ammata
1471 4530 1655 4599 donintona
1673 4533 1787 4591 muctar
1799 4548 1891 4593 morte

227 4629 282 4686 boc
303 4628 404 4686 dixisse
420 4628 488 4684 mibi
506 4627 624 4696 ridetur,
642 4643 696 4686 non
719 4628 828 4701 longum
844 4637 951 4700 tempus
962 4627 1025 4697 erit,
1039 4621 1205 4684 Baecundu.
1220 4621 1309 4682 Vinea
1322 4638 1406 4697 ergo,
1421 4633 1450 4683 ιι
1462 4625 1546 4694 oliva,
1562 4626 1642 4698 plebs
1655 4627 1823 4686 ludaeorum
1838 4645 1893 4703 po-

228 4737 284 4796 quo
308 4721 362 4778 rita
384 4721 445 4793 eiua
471 4721 498 4778 in
524 4721 626 4780 divitiis
652 4721 801 4780 facinorum
829 4724 1025 4793 decrassetur,
1079 4725 1134 4775 test
1147 4717 1275 4791 intelligi.
1294 4719 1357 4777 liae
1376 4720 1460 4794 igitur
1472 4720 1551 4779 niuea
1568 4722 1761 4794 perdomito
1774 4724 1892 4784 amittet

227 4839 291 4882 curn
302 4827 384 4882 edam
400 4823 514 4882 collecta
526 4826 656 4883 vitiorum
667 4826 728 4899 eiua
742 4827 891 4886 substantia
907 4831 1028 4888 nouerit
1078 4809 1197 4866 sf¹¹⁰²¹¹¹¹¹
1214 4809 1369 4868 ⁸²⁰⁰¹¹¹²¹i⁵
1382 4823 1464 4886 ³¹<l¹¹0
1474 4812 1601 4885 lubili&
1613 4815 1661 4886 qui
1671 4813 1816 4873 christum
1831 4818 1894 4890 pri-

227 4943 418 5003 permansum,
1079 4905 1458 4982 mumllorem,etoptimom
1469 4911 1894 4988 sanctorumomniumiuagro

1079 5001 1149 5072 legis
1163 4999 1267 5058 babere
1279 5002 1378 5058 uoluit.
1389 5001 1451 5075 lpse
1464 5004 1629 5062 enimdicit:
1646 5004 1706 5078 Ego
1717 5009 1769 5079 ptos
1782 5010 1891 5082 campi.

1078 5091 1136 5150 Sed
1152 5101 1180 5148 ut
1196 5092 1410 5167 inlidelisatque
1423 5096 1583 5166 incredula,
1596 5097 1681 5154 neilli
1697 5096 1766 5156 lldes
1774 5097 1891 5157 ebriati

227 5243 376 5300 riueminrn
388 5239 563 5298 stabilitatem
581 5249 711 5296 eternum
729 5239 789 5296 sine
808 5254 904 5296 eornm
915 5255 1030 5300 consor·
1079 5187 1220 5293 mmm&
1235 5196 1352 5259 mm
1366 5204 1428 5246 ⁰⁰⁰¹
1439 5204 1455 5246 ⁸
1468 5201 1632 5296 Qum
1648 5199 1678 5248 οι
1689 5190 1755 5248 dum
1770 5202 1893 5297 mm

228 5344 295 5400 tium
310 5357 364 5398 non
379 5339 510 5397 babebit:
525 5353 558 5396 eo
568 5337 639 5410 qrrod
660 5338 703 5394 hic
716 5337 792 5410 prins
803 5354 883 5411 spent
894 5341 937 5397 rel
955 5341 1030 5398 radi·
1079 5289 1298 5433 θζεὲὲὲξξίἳῃζ
1305 5290 1423 5434 θὲἀῖθ
1437 5290 1543 5434 mlum
1555 5282 1630 5434 ”1¹⁰⁸
1638 5283 1663 5436 tn
1662 5299 1847 5436 amm&
1874 5300 1891 5342 ¹

228 5443 426 5504 cemlldeinon
442 5441 594 5514 premisit:
609 5457 702 5498 auram
716 5442 797 5501 etiam
812 5444 921 5514 salutis,
936 5445 1029 5503 utsub
1080 5389 1417 5528 floumpmismuloee,
1438 5393 1637 5448 mmm
1707 5393 1745 5436 m
1802 5390 1892 5438 mem

228 5543 327 5602 umbra
341 5541 413 5598 vivat
425 5539 570 5611 refrigerii,
583 5553 639 5596 rton
651 5539 773 5599 habebit.
1116 5563 1289 5639 Commo
1299 5566 1367 5622 ,nim
1387 5510 1531 5640 *dvm
1546 5567 1657 5626 mm·
1670 5567 1827 5642 mmm
1862 5580 1895 5629 cl

265 5644 328 5702 ΝΜ
337 5643 437 5701 Μ’
452 5642 483 5696 ‘¹⁶
498 5639 618 5696 “mil‘-
629 5639 684 5696 3¹5¹
695 5639 834 5714 dimum,
848 5641 911 5700 ΝΜ
923 5643 1028 5718 effutit!
1082 5657 1232 5716 violentum
1242 5660 1429 5717 simulatorem
1443 5671 1568 5718 mactum
1581 5660 1635 5719 iob
1645 5659 1690 5718 bia
1703 5617 1893 5720 smmoni’bus

226 5749 367 5806 tenemur:
385 5744 413 5802 ld
427 5751 480 5812 est,
494 5757 590 5815 poenaa
608 5751 725 5801 aeternas
739 5743 843 5812 subiit,
857 5754 886 5802 ιι
898 5748 1029 5805 tenebras
1081 5750 1216 5823 denotat,
1236 5762 1265 5809 ιι
1277 5752 1345 5811 dicit
1357 5754 1442 5827 quod,
1456 5755 1521 5812 etei
1545 5770 1601 5814 non
1615 5755 1765 5828 proderunt
1776 5755 1893 5815 divitia

225 5856 280 5902 uon
295 5839 403 5900 eradat.
419 5837 479 5897 tlon
491 5836 600 5896 recedet
613 5844 705 5896 aulem
718 5835 755 5896 de
768 5837 908 5898 tenebris:
923 5841 1027 5902 iutelli-
1080 5859 1117 5904 ιι
1129 5844 1274 5918 iniquitate
1284 5847 1426 5908 collectam
1437 5849 1476 5906 lta
1484 5849 1558 5908 euim
1569 5849 1720 5912 adremaro
1732 5847 1799 5920 lob,
1813 5858 1847 5909 ιι
1861 5851 1891 5908 iu

264 5033 323 5091 Νιι
344 5035 427 5090 mittet
448 5035 475 5090 iu
491 5041 586 5089 terrum
607 5033 722 5090 radicem
736 5049 819 5090 auam.
844 5033 873 5092 ld
895 5043 947 5102 est,
963 5037 1027 5111 quia

228 5149 367 5212 tamquam
382 5139 464 5195 arbor
476 5139 570 5195 evolsa
585 5139 621 5194 sit
643 5140 813 5196 moriturus:
834 5138 895 5196 ideo
910 5139 938 5197 in
954 5149 1027 5198 terra
