4000 6334
235 288 289 349 575
862 291 892 350 S.
914 289 1051 352 destitit
1069 287 1258 354 fltcuouttti
1832 303 1886 362 576

236 410 361 480 pudicos,
376 425 460 469 sanos
472 411 500 470 in
513 411 579 481 lida,
594 418 624 470 et
636 411 781 480 charitate,
796 421 825 469 et
838 411 985 482 patientia:
999 409 1035 466 ad
1048 408 1202 485 Amantio,
1229 412 1275 471 his
1296 414 1425 474 videlicet
1451 419 1496 489 crui
1525 418 1552 475 in
1577 418 1687 478 cbristo
1707 421 1834 491 credunt,
1857 429 1887 480 ct

235 519 317 574 quam
340 504 403 564 iidei
417 505 635 576 similitudinem,
651 505 786 562 doctrina
806 521 915 579 quoqne
933 509 1037 564 sanitas
1088 508 1296 565 scumtomncm
1309 519 1467 567 creaturam
1484 511 1582 568 bonam
1596 525 1675 570 esset
1693 520 1722 570 et
1735 513 1803 570 nihil
1817 513 1888 586 ahji-
1928 510 1932 520 '

237 599 399 671 appellatur.
411 599 481 668 Erit,
496 602 536 657 cit
549 600 605 675 [dl.
621 601 714 676 eniml,
735 610 835 675 tempus
847 602 952 675 quondo
965 618 1038 658 conce
1087 596 1213 654 ciendum
1236 599 1310 672 quod
1333 616 1394 657 cum
1418 601 1566 676 gratiarum
1590 605 1698 663 actione
1726 605 1886 677 percipitur.

239 691 366 748 doctrino
379 708 433 748 non
443 693 615 765 acquiescent.
626 693 697 750 Sunt
709 703 739 752 ct
747 708 888 750 sermones
899 693 1036 762 eastitatis,
1088 689 1269 761 coinquinatis
1282 703 1367 750 cutem
1382 705 1406 750 et
1417 695 1568 766 infidelibus
1580 697 1645 754 nibil
1659 699 1786 754 mundum
1799 715 1809 756 .·
1823 699 1889 771 quia

239 783 425 857 dequibusad
440 785 615 842 Timotheum
626 785 653 842 in
664 787 752 860 primu
762 786 885 857 Epistola
894 787 1035 859 loquitur:
1088 785 1192 857 poituu
1202 794 1245 842 est
1255 801 1349 843 eorum
1364 798 1392 844 ct
1404 803 1493 857 meuc,
1508 789 1729 848 etconsciemia:
1742 801 1890 864 propterea

241 878 274 937 Si
287 881 346 953 qula
357 880 529 951 attrectant,
546 890 572 938 et
583 882 784 955 nonaequicccit
796 882 868 937 sonia
879 880 1039 938 sermonibus
1089 880 1173 936 etiarn
1187 895 1249 951 qum
1269 881 1369 938 munda
1390 893 1455 938 sunt
1468 898 1518 956 per
1532 891 1669 950 naturam,
1685 885 1727 941 eis
1746 883 1890 941 immunda

239 973 348 1030 bomini
360 979 443 1031 nostrl
456 974 521 1031 lcsn
531 974 640 1043 Christi,
656 984 682 1033 et
694 993 754 1049 quc
766 978 909 1033 secundnm
919 977 1039 1049 pictatem
1090 973 1168 1031 liunt.
1184 974 1242 1033 Non
1253 976 1327 1049 quod
1337 977 1380 1034 rei
1394 977 1525 1034 mundum
1537 978 1698 1051 siculiquid,
1710 978 1754 1036 vcl
1769 979 1892 1036 immun·

238 1076 278 1123 est
292 1066 418 1123 doctrino
437 1067 461 1140 (i
483 1065 553 1125 Tine.
570 1084 609 1138 ur,
624 1069 664 1140 3).
681 1067 716 1124 Et
737 1070 764 1124 in
779 1068 900 1126 secunda
919 1087 926 1124 :
942 1067 1039 1126 Enem-
1089 1064 1155 1123 dum
1178 1083 1185 1120 z
1208 1067 1258 1123 scd
1282 1080 1332 1136 pro
1346 1067 1477 1139 qualitate
1496 1068 1677 1136 vescentium,
1699 1078 1729 1126 et
1752 1069 1888 1126 muudum

239 1160 313 1235 plum
337 1161 434 1217 hubenc
456 1178 581 1218 mitorum
603 1164 739 1218 uerborum
763 1179 855 1231 quiec
876 1180 917 1218 nne
942 1163 1041 1218 eudicti
1090 1158 1209 1228 mundis,
1234 1168 1262 1216 et
1287 1159 1454 1218 immundum
1474 1161 1670 1220 constantinatis
1685 1162 1740 1219 ilat.
1758 1161 1891 1235 Alioquin

241 1252 277 1325 (11
291 1251 361 1310 Tim.
384 1269 405 1322 t,
421 1252 477 1326 lb).
501 1253 554 1324 Qui
577 1255 648 1312 hanc
663 1255 765 1312 habcnt
780 1254 842 1313 lidci
855 1265 884 1310 et
907 1254 1039 1313 doctrina
1091 1253 1215 1310 inddeles
1228 1267 1349 1326 quosque
1360 1264 1442 1323 atque
1457 1255 1587 1327 pollutos,
1600 1258 1684 1314 etism
1706 1258 1785 1329 panis
1807 1257 1894 1316 benc·

238 1346 384 1403 sanitatem
399 1346 656 1416 atqueuerbcrum,
670 1363 723 1403 non
736 1356 749 1384 ι
763 1346 908 1404 attendent
919 1346 1040 1404 Iudaicis
1090 1347 1231 1417 dictionis,
1257 1357 1286 1404 ct
1305 1349 1377 1405 calix
1401 1349 1558 1406 bomiuicus
1581 1366 1635 1406 uon
1653 1350 1748 1420 jutrat3
1764 1349 1829 1422 quia
1844 1349 1892 1422 qui

238 1438 340 1498 labulis
355 1450 384 1496 et
398 1439 535 1498 mandatis
563 1441 704 1498 hominum
719 1441 904 1498 aversantium
919 1456 950 1498 se
962 1456 978 1496 a
992 1456 1040 1498 vc·
1092 1441 1200 1512 indigne
1213 1441 1365 1498 comederit
1377 1442 1412 1499 de
1425 1457 1496 1514 pune
1508 1443 1566 1508 illo,
1578 1452 1607 1500 ct
1621 1443 1656 1501 de
1670 1443 1757 1501 calice
1777 1443 1890 1513 biberit,

240 1535 332 1592 ritate.
348 1534 566 1606 hcquiescamus
587 1536 726 1608 paulisper
747 1536 861 1606 ludaeis,
884 1544 1038 1606 eteorum,
1088 1534 1220 1606 iudicium
1235 1534 1288 1591 sibi
1299 1535 1445 1592 manducat
1460 1545 1489 1592 et
1503 1536 1570 1593 bibit
1580 1537 1604 1611 (l
1616 1534 1678 1592 Cor.
1694 1536 1745 1606 rt).
1762 1535 1892 1594 Adventu

239 1629 287 1700 qui
300 1629 372 1698 apud
387 1643 435 1686 eos
454 1629 594 1701 sapientes
605 1640 753 1699 vocantur,
768 1630 905 1698 patienter
919 1630 1039 1700 ineptias
1091 1629 1195 1686 Christi
1209 1637 1321 1702 purgata
1336 1640 1399 1686 sunt
1412 1629 1513 1686 omnia.
1529 1629 1596 1699 Qua
1611 1627 1824 1696 illemundarit,
1841 1641 1892 1684 nos

241 1721 401 1788 audiamus;
422 1730 450 1778 et
465 1722 725 1796 tuucintelliqemus
744 1740 806 1797 quac
825 1734 889 1780 suut
902 1724 958 1798 [dl.
972 1723 1039 1798 siut]
1091 1723 1295 1781 communicare
1317 1740 1372 1781 non
1394 1739 1549 1795 possumus.
1580 1723 1634 1782 scd
1660 1722 1892 1781 considerandum

240 1813 361 1871 iudaicae
371 1813 471 1870 iahultc
484 1816 544 1872 siue
558 1816 721 1873 auctoritate
732 1816 895 1888 Scripturas,
911 1817 972 1874 siue
984 1816 1040 1873 ulla
1054 1806 1079 1870 B
1092 1833 1128 1875 nc
1142 1819 1192 1874 ista
1215 1825 1376 1885 tractantes,
1396 1818 1569 1874 occasionem
1593 1817 1632 1874 illi
1655 1817 1759 1876 haercsi
1780 1817 1892 1886 domus,

240 1909 397 1967 assertione
418 1911 546 1978 rationis,
569 1911 699 1967 animalia
722 1911 846 1982 quadam
868 1919 896 1968 ct
917 1909 1040 1968 lubuiosci
1092 1926 1152 1984 quac
1165 1911 1243 1982 justa
1259 1912 1452 1985 npomiypstn
1467 1908 1545 1986 (Cup.
1565 1909 1607 1983 u),
1624 1919 1652 1968 ct
1669 1911 1759 1981 ipsum
1780 1925 1894 1984 quoquc

241 2007 416 2080 inperitiam,
442 2008 591 2080 dequibus
607 2009 890 2082 lsaiasprophetanit,
915 2010 1009 2067 dicens
1032 2026 1039 2064 ε
1092 2005 1247 2076 apostolum
1262 2003 1376 2061 Paulum
1398 2003 1564 2061 scribentem
1579 2005 1613 2060 ad
1626 2001 1799 2069 Corinthios,
1816 2010 1894 2074 putat

242 2100 363 2172 Populus
375 2101 419 2157 hic
427 2102 504 2159 lobiis
516 2119 558 2159 me
566 2103 690 2166 honorat,
704 2112 848 2171 conpotem
860 2119 951 2159 eornm
965 2103 1042 2175 lonqc
1092 2095 1127 2153 tie
1142 2097 1300 2168 idolothytis
1314 2111 1374 2155 esse
1389 2097 1574 2155 vescendum:
1599 2097 1662 2168 quia
1683 2095 1774 2152 omnia
1789 2095 1892 2152 munda

241 2208 280 2253 ent
293 2213 310 2251 o
324 2213 374 2252 nte.
388 2196 453 2255 Sine
471 2213 552 2253 ccum
572 2206 658 2253 cutem
671 2213 712 2252 nce
725 2198 831 2253 colunt:
844 2197 964 2253 docentes
979 2197 1042 2252 doc·
1093 2202 1157 2278 suut
1171 2191 1279 2250 mundis
1300 2190 1322 2258 (Ι
1337 2189 1573 2263 convictuum
1592 2191 1669 2249 enim
1688 2189 1823 2260 Apostolo
1838 2205 1893 2248 nou

242 2291 324 2346 trinua
343 2300 367 2345 ct
389 2292 514 2346 mandato
531 2289 666 2347 hominum
680 2289 760 2364 (iaci,
784 2305 860 2356 xxix,
886 2287 943 2362 lb).
962 2289 1040 2359 Quod
1091 2288 1143 2346 luit
1158 2289 1327 2359 propositum
1341 2287 1376 2344 de
1389 2287 1433 2344 bis
1447 2303 1508 2359 qua
1522 2287 1703 2343 immolantur
1717 2285 1893 2343 damonibus

244 2383 432 2440 testimouium
445 2383 572 2441 Salvator
584 2383 612 2438 in
623 2381 772 2453 Evangelio
782 2382 977 2454 comprobans,
996 2397 1042 2437 ar·
1093 2382 1235 2454 disputare
1256 2399 1263 2436 :
1288 2381 1337 2438 sed
1360 2381 1493 2438 adversus
1519 2378 1650 2450 iudans,
1670 2379 1718 2452 qui
1739 2379 1892 2437 secuudum

243 2476 302 2547 quit
327 2490 375 2532 eos
396 2475 464 2548 Lepi
489 2476 535 2533 bei
563 2474 690 2531 mandata
706 2475 848 2532 bominum
876 2473 1041 2547 praetulisse.
1093 2475 1173 2546 Lapis
1185 2475 1294 2532 abolito
1306 2473 1492 2548 disciplinam,
1504 2472 1627 2545 quadarn
1644 2471 1892 2544 nnitdnqundan

244 2567 319 2624 licus
327 2569 423 2641 qnippe
437 2569 495 2625 ait:
511 2567 622 2626 lienum
634 2577 735 2640 putrem
748 2578 772 2624 ct
783 2576 909 2624 ciatrem:
924 2568 965 2624 illi
978 2583 1043 2625 vcro
1093 2569 1299 2625 arbitrabantur
1310 2566 1460 2624 immunda.
1474 2566 1536 2623 Non
1546 2566 1625 2634 enim,
1639 2567 1738 2639 inquit,
1753 2581 1893 2639 munnam

245 2659 435 2717 tradiderunt:
452 2661 520 2730 Quin
532 2665 688 2734 quicumque
700 2661 795 2717 dicerit
808 2661 877 2735 putri
898 2671 921 2716 et
940 2663 1042 2718 matri:
1094 2677 1188 2718 menan
1210 2659 1315 2718 Domini
1340 2661 1510 2731 porticipcre,
1534 2668 1557 2716 ct
1572 2676 1667 2716 mense
1680 2659 1892 2717 demoniorum:

242 2767 338 2809 nunus
352 2753 534 2825 quodcumque
545 2764 583 2809 ιιι
598 2770 631 2810 ec
640 2771 690 2824 me,
703 2754 746 2808 tibi
759 2753 885 2824 proderit,
896 2763 921 2808 et
933 2751 1044 2810 conito-
1094 2772 1141 2811 nec
1155 2753 1270 2810 ualemus
1285 2755 1364 2810 timul
1386 2753 1472 2810 bibere
1485 2754 1592 2810 culicem
1606 2753 1724 2820 Domini,
1737 2761 1763 2810 et
1787 2754 1893 2809 calicem

243 2846 500 2918 nouficcbitpctrcm
512 2865 588 2904 tuum
598 2857 623 2904 ct
634 2846 1042 2920 mctrcmillctth.nt,5scqq.).
1094 2848 1281 2904 doemoniorum
1296 2846 1317 2921 (Ι
1333 2845 1394 2902 Cor.
1408 2864 1438 2915 x,
1453 2847 1499 2917 to,
1514 2847 1574 2918 tt).
1599 2846 1630 2904 ln
1649 2845 1730 2904 nubis
1743 2845 1836 2918 itaque
1852 2855 1894 2903 est

244 2941 274 2997 Si
294 2941 355 3012 quis
372 2949 435 3012 post
455 2940 601 2998 adtentum
624 2940 726 2998 Christi
750 2940 915 3009 conciditur,
937 2949 964 2997 et
987 2954 1043 2996 nou
1095 2941 1294 2999 comederctcl
1316 2940 1428 3009 munda,
1442 2940 1486 2997 vel
1502 2939 1654 2997 immunda.
1669 2939 1699 2998 Si
1714 2939 1787 2996 enim
1800 2937 1894 2996 muudi

242 3038 469 3096 circumciditur:
493 3037 613 3095 ludricis
634 3037 719 3094 servit
735 3037 836 3094 lnbulis
865 3046 894 3094 et
908 3036 1044 3092 mandatis
1095 3051 1200 3103 sumus,
1223 3035 1324 3092 munda
1348 3035 1427 3092 nobis
1449 3045 1492 3092 est
1516 3044 1655 3092 creatura.
1678 3034 1708 3092 Si
1730 3043 1822 3092 auum
1845 3035 1895 3091 im·

245 3129 389 3188 bitiniuum
399 3133 583 3189 aversantium
599 3133 744 3190 ueritatem
760 3130 815 3206 [lh
831 3129 968 3204 ueritate}
983 3130 1043 3186 Nou
1096 3129 1189 3187 mundi
1204 3138 1232 3185 et
1246 3128 1380 3198 iuddcles,
1396 3127 1463 3184 liunt
1477 3127 1557 3185 nubis
1571 3129 1699 3185 universa
1713 3128 1867 3185 communia
1884 3143 1893 3188 ι

245 3225 319 3280 cuim
333 3225 379 3296 qui
397 3225 425 3281 iu
442 3223 593 3282 manifesto
608 3225 720 3284 iudeus
744 3237 797 3292 est,
814 3227 862 3282 sed
881 3226 927 3297 qui
947 3230 974 3281 in
997 3240 1044 3282 oc·
1059 3210 1083 3276 C
1097 3227 1156 3284 sinc
1171 3242 1220 3299 per
1238 3225 1436 3283 inhabitantem
1451 3226 1478 3282 in
1493 3224 1626 3282 cordibus
1640 3225 1743 3280 uostris
1757 3223 1894 3290 heresim,

247 3317 323 3374 culto
338 3335 345 3373 t
360 3328 388 3374 et
401 3317 574 3376 circumcisio
588 3319 680 3376 cordis
702 3320 729 3374 in
743 3321 854 3391 spiritu,
870 3334 924 3376 nou
940 3320 1042 3375 liucrn.
1098 3321 1179 3394 712
1202 3319 1323 3389 simper
1345 3319 1542 3374 conscientiam
1563 3317 1739 3373 delictorum.
1760 3315 1847 3373 Porro
1872 3315 1895 3372 si

247 3411 276 3469 Si
291 3411 351 3480 uitis
366 3410 472 3468 Pascha
487 3413 554 3485 cpit,
578 3429 631 3468 riou
651 3413 679 3469 in
696 3414 803 3487 azyiitis
825 3412 996 3470 sinceritatis
1018 3420 1046 3468 et
1097 3413 1265 3470 conscientia
1280 3423 1372 3468 uosua
1383 3427 1435 3468 nos
1446 3426 1499 3468 nou
1514 3409 1735 3483 reprehenderit,
1752 3420 1781 3468 ct
1794 3409 1896 3467 habuc·

246 3504 392 3561 neritatis:
415 3513 445 3560 ut
457 3505 626 3563 exterminet
636 3522 672 3564 ex
686 3507 779 3562 anima
801 3519 851 3561 sua
863 3520 946 3561 ornante
967 3511 1046 3560 nctus
1099 3507 1185 3564 rinctus
1215 3504 1340 3562 idacium
1367 3504 1476 3576 pietatis
1502 3502 1536 3561 ad
1565 3504 1729 3565 bominum:
1757 3502 1897 3560 orabimus

248 3598 413 3656 lermcutum
439 3600 552 3657 malitiae
576 3607 606 3656 et
626 3599 775 3671 nequitiae:
797 3598 850 3655 istc
870 3597 985 3654 attendit
1003 3596 1045 3652 la·
1098 3599 1208 3672 spiritu,
1223 3598 1362 3654 orabimus
1374 3607 1402 3655 ct
1416 3606 1528 3654 mente:
1544 3597 1692 3670 psallemus
1701 3596 1811 3667 spiritu,
1824 3595 1898 3668 psal·

248 3690 337 3760 bulas,
349 3701 378 3748 ct
390 3691 500 3748 umbras
513 3693 648 3765 sequitur,
665 3692 780 3749 ueritate
794 3690 927 3764 neglectu.
943 3689 1046 3762 Siquis
1098 3695 1187 3751 lomus
1206 3703 1235 3749 ct
1255 3702 1348 3749 mente
1363 3692 1386 3764 (i
1400 3692 1461 3748 Gor.
1487 3691 1544 3764 arv)
1560 3709 1567 3746 ε
1585 3702 1613 3749 ct
1635 3691 1731 3764 procul
1744 3691 1846 3748 erimus
1861 3689 1898 3748 ab

247 3800 303 3841 uon
328 3800 476 3857 resurgens
494 3802 556 3842 cum
576 3784 698 3852 Christo,
714 3799 765 3842 nec
783 3799 910 3856 qiucreus
928 3798 961 3840 ea
985 3797 1047 3853 qutc
1098 3786 1153 3856 bis,
1166 3786 1311 3857 dequibus
1327 3801 1401 3842 nunc
1415 3785 1572 3843 scribitur:
1600 3784 1709 3842 Pollrtm
1721 3794 1858 3842 crimin
1872 3795 1898 3842 et

246 3890 444 3949 sursumsunt,
459 3880 506 3937 sed
522 3896 582 3952 quc
595 3880 738 3947 deorsum,
758 3879 825 3936 dicit
840 3898 847 3934 ι
865 3878 907 3935 Nc
920 3879 1045 3950 tctiqerit,
1098 3879 1172 3936 nuens
1187 3892 1210 3935 ct
1221 3881 1391 3936 conscientia.

246 3988 280 4028 ne
288 3973 443 4045 qtutuocric,
456 3990 489 4029 uc
504 3977 656 4028 tractareris
667 3987 726 4042 quc
739 3981 798 4029 cunt
819 3972 848 4028 iu
867 3972 1046 4043 corruptione,
1134 3972 1226 4046 (Vens.
1241 3971 1300 4042 ld.)
1312 3972 1476 4043 Confitentur
1489 3989 1516 4028 m
1529 3969 1800 4043 neccommittam
1812 3983 1898 4028 cumin

248 4067 309 4135 ipso
324 4079 375 4122 risu
388 4079 452 4122 secu
458 4065 540 4122 ndum
553 4072 690 4136 precepta
702 4072 730 4121 et
744 4063 884 4120 doctrinas
893 4062 1045 4129 homiuum,
1098 4077 1207 4142 negant:
1224 4066 1402 4132 cuncubitu,
1418 4067 1641 4137 commanentes,
1658 4078 1682 4123 ct
1696 4068 1732 4122 od
1747 4084 1821 4124 cume
1831 4083 1899 4140 cpttt

251 4159 306 4217 istc
319 4160 442 4229 sequitur
453 4159 575 4230 justitias
597 4174 652 4214 nou
674 4159 769 4227 bonas,
790 4166 818 4213 et
842 4165 977 4227 praccepta
992 4169 1047 4210 nun
1099 4162 1194 4216 icarum
1216 4160 1328 4230 reprobi.
1345 4158 1378 4216 lli
1392 4174 1509 4232 quorum
1534 4160 1636 4231 puilluta
1650 4170 1704 4228 est,
1725 4167 1755 4218 et
1769 4173 1854 4225 meus,
1871 4167 1900 4216 ct

246 4251 331 4310 bona.
356 4251 408 4311 Ubi
435 4263 527 4312 nutem
552 4263 594 4310 cst
620 4251 733 4321 ueritas,
769 4261 797 4308 et
821 4251 1049 4324 lcx711spi·
1099 4252 1277 4322 conscientia,
1305 4254 1388 4310 licum
1412 4268 1443 4310 se
1458 4268 1540 4311 nosse
1558 4254 1734 4321 conticentur,
1750 4253 1829 4313 iactis
1849 4269 1901 4310 an-

247 4346 365 4412 ritualis,
379 4348 424 4403 ubi
436 4348 648 4418 justittcatinncs
669 4349 759 4414 bona,
782 4353 812 4404 ct
833 4353 972 4418 precepta
985 4353 1049 4401 suut
1101 4359 1154 4405 tem
1171 4358 1273 4420 negant
1295 4347 1444 4405 secundum
1461 4347 1527 4404 illud
1541 4349 1614 4420 quod
1637 4350 1663 4406 iu
1687 4347 1757 4406 isaia
1777 4348 1899 4405 diciturc

248 4444 371 4513 optimu:
387 4458 449 4514 quic
464 4443 513 4512 qui
527 4443 637 4511 lecerit,
651 4443 725 4499 vitet
738 4442 767 4497 in
779 4441 831 4498 cis.
1103 4442 1220 4516 Populus
1234 4441 1276 4498 hic
1287 4443 1366 4498 lobiis
1377 4459 1417 4498 ute
1431 4445 1554 4509 honoror,
1566 4459 1612 4498 cor
1625 4453 1713 4500 cutem
1723 4459 1812 4498 eorum
1822 4441 1901 4515 lonqc

283 4536 376 4609 (Vers.
393 4535 452 4607 tit.)
466 4537 562 4594 Omnia
574 4538 672 4593 urendo
684 4536 799 4601 mundis,
813 4533 987 4607 coinquinatis
997 4550 1049 4590 uu·
1101 4547 1139 4594 cst
1153 4533 1409 4610 nuntiandam,
1425 4537 1482 4604 ibt.
1497 4535 1641 4605 Quomodo
1659 4535 1743 4606 iqitur
1757 4535 1835 4592 labiis
1849 4533 1901 4606 qui

196 4619 199 4624 ¹
244 4640 297 4688 tem
319 4641 345 4686 et
367 4631 518 4702 infidelibus
541 4631 608 4688 iniit
630 4631 757 4687 mundum
777 4647 787 4685 .·
813 4630 859 4686 scd
881 4628 984 4702 polluto
1008 4636 1046 4684 cst
1061 4601 1088 4662 D
1101 4631 1229 4698 houornt,
1242 4630 1364 4688 etcordc
1378 4629 1656 4700 proculreceditcita
1671 4629 1756 4686 licum
1767 4641 1898 4685 sermone

246 4741 337 4782 continu
347 4736 373 4781 ct
387 4741 471 4793 utens,
484 4733 508 4780 ct
517 4724 689 4782 comcientic.
700 4724 770 4793 Quia
779 4724 905 4794 superius
918 4721 1044 4778 dixerat:
1099 4727 1161 4798 quis
1175 4725 1319 4790 conlitcns,
1343 4721 1475 4792 operibus
1491 4730 1583 4794 nequi.
1598 4721 1707 4792 Negans
1728 4727 1819 4777 autem
1832 4733 1902 4792 ope-

248 4819 319 4876 Suut
334 4820 401 4875 cuim
420 4819 497 4875 multi
514 4828 538 4875 et
559 4835 610 4874 non
622 4817 729 4885 subditi,
746 4816 892 4886 boniloqui,
912 4825 937 4872 et
955 4817 1048 4889 decep·
1104 4820 1179 4876 ribus
1206 4819 1306 4887 ileum,
1320 4815 1495 4874 conlestionc
1517 4816 1646 4872 simulata
1666 4823 1742 4872 recte
1766 4829 1901 4872 exsecra·

247 4922 328 4982 loten
343 4915 457 4969 mxime
470 4914 517 4984 titi
529 4914 562 4969 de
583 4914 778 4969 drmmdricne
800 4921 869 4978 timi,
894 4918 923 4967 el
945 4911 980 4966 ‘¹0
1005 4909 1046 4965 his
1100 4917 1163 4974 bilis
1176 4927 1204 4973 et
1217 4915 1345 4986 prolnnus
1358 4923 1402 4971 est
1420 4932 1427 4969 t
1444 4921 1471 4969 ct
1486 4915 1562 4969 nulla
1578 4913 1702 4968 veritatis
1715 4913 1822 4969 natione
1835 4926 1903 4982 per-

246 5010 293 5081 lui
315 5008 350 5064 ²¹³
365 5010 404 5064 ⁰³⁵
416 5008 523 5079 “iiiiii
539 5006 657 5075 simil·
673 5004 1045 5078 0⁰¹¹⁸⁰l¹¹0¹¹¹0¹¹³tldl¹¹0fil=
1100 5025 1208 5080 suasus,
1221 5007 1380 5065 inobediens
1408 5017 1436 5064 ct
1458 5005 1617 5063 incredulus
1639 5005 1803 5077 appellatur.
1819 5001 1902 5061 Unde

247 5101 359 5176 lucrcpc
378 5103 439 5157 illoc
455 5103 563 5166 ucritcr,
587 5111 616 5155 ut
634 5101 692 5155 soni
706 5101 757 5155 siut
772 5100 799 5154 in
813 5098 876 5170 fide,
892 5115 944 5153 rtcu
958 5097 1047 5151 inteu-
1101 5103 1193 5162 everrit
1207 5115 1238 5160 ut
1257 5101 1290 5159 nd
1304 5117 1388 5159 ouine
1406 5116 1475 5173 opus
1489 5101 1589 5157 bonum
1605 5099 1743 5172 reprobus
1754 5101 1788 5158 sit
1802 5117 1809 5153 t
1824 5099 1904 5172 quod

245 5197 334 5253 dentes
346 5195 467 5252 Iudaicis
482 5196 580 5266 subulis
604 5206 629 5250 et
661 5194 792 5248 nntcrttiotis
818 5193 954 5246 ltondnnut
972 5206 1047 5246 ccm-
1100 5200 1217 5265 scilicet,
1239 5196 1320 5253 etium
1334 5211 1365 5252 ct
1384 5211 1446 5267 qttae
1468 5194 1586 5251 traturali
1610 5195 1734 5252 bonitate
1755 5204 1903 5266 superatus

247 5293 360 5348 cuntium
374 5293 519 5346 unitatem.
532 5290 566 5345 tu
579 5289 717 5361 quomodo
731 5287 765 5341 ad
778 5284 891 5342 Galatas
903 5284 977 5341 etad
994 5284 1050 5340 llo-
1101 5294 1170 5350 torte
1186 5293 1256 5347 bona
1276 5289 1382 5356 lecerit,
1398 5305 1454 5345 nun
1469 5288 1525 5344 sint
1538 5288 1624 5356 botta,
1640 5288 1705 5344 dum
1720 5287 1817 5346 metitis
1838 5301 1904 5355 pcr-

245 5401 345 5444 manus
367 5386 526 5460 plenissime
548 5387 715 5458 disputatur,
740 5383 1049 5454 putabantintcrcibos
1099 5385 1230 5443 versitate
1253 5391 1317 5438 sunt
1340 5381 1468 5455 reproba.
1495 5380 1660 5438 Existimant
1684 5379 1797 5452 quidam
1819 5377 1848 5434 in
1867 5394 1903 5436 co

244 5495 308 5538 esse
326 5479 498 5550 distantiam,
514 5496 578 5538 cum
593 5479 679 5551 aliqui
699 5476 805 5544 incundi,
825 5475 910 5549 aliqui
925 5475 1051 5534 ridercn-
1101 5487 1207 5535 tantum
1222 5475 1307 5532 Deum
1321 5474 1427 5544 negari,
1438 5473 1462 5531 si
1478 5471 1506 5529 in
1519 5471 1713 5544 persecutione
1726 5471 1787 5544 quis
1799 5485 1812 5524 a
1826 5468 1904 5525 Gen·

242 5582 290 5633 tur
303 5575 448 5646 immundi,
464 5585 612 5650 propterca
627 5589 699 5631 nnnc
719 5572 824 5631 iulcrt:
840 5572 936 5630 Ouinio
950 5575 1050 5632 mundo
1101 5569 1196 5629 tilibus
1205 5567 1432 5658 comprehensus,
1451 5581 1483 5624 ae
1497 5567 1623 5624 renuerit
1640 5563 1820 5623 Christianum
1838 5558 1902 5635 [dl.

280 5775 294 5806 ⁸
318 5766 516 5893 lliutgcpen‘es¹
528 5763 717 5823 idartianaeum
730 5775 825 5834 sensu,
840 5778 893 5821 nou
907 5761 1079 5820 atundcnucn
1093 5759 1157 5820 llox
1173 5755 1375 5818 cistercienses
1386 5768 1467 5828 mss,
1481 5763 1506 5810 ct
1519 5752 1662 5812 unndnciin
1672 5751 1811 5820 lominum,
1827 5757 1903 5824 etc„

246 5853 298 5910 pro
312 5854 372 5896 mun
392 5847 465 5894 ctis:
491 5852 505 5893 n
519 5852 560 5896 so.
