4000 6334
147 313 191 374 ull
404 305 734 366 commentationum
755 306 790 364 ltl
809 305 1003 364 aristobuli
1023 307 1069 364 ΑΒ
1088 305 1196 364 tlttld
1215 305 1331 365 ntuuu.
1353 304 1432 366 uir.
1450 308 1470 366 i.
1695 263 1764 363 'stu

146 434 283 500 psoesqnos
293 420 368 490 prins
379 428 540 493 negaverat,
554 421 750 480 concessisset.
767 429 781 460 ⁸
795 419 911 478 Tairtum
924 419 1011 485 Asos
1025 437 1074 478 eos
1089 422 1163 492 lacit,
1177 422 1223 495 qui
1239 421 1346 480 inertie
1360 437 1400 490 se,
1418 433 1445 480 et
1460 422 1530 490 otio,
1543 429 1571 478 et
1584 434 1681 478 mmun
1693 419 1764 478 dan·

144 522 237 578 irterest
251 517 318 572 inter
333 515 532 586 propositionis
545 529 631 588 panes
646 525 675 572 et
686 528 786 585 corpus
797 513 911 583 Christi,
964 523 1017 582 tes,
1035 524 1131 586 putant
1147 524 1289 587 peccatum
1312 531 1386 581 csse,
1405 515 1429 572 si
1450 516 1600 588 scripturas
1624 513 1763 585 legerint:

143 618 251 686 ouantnnr
264 607 337 664 inter
352 606 478 663 umbram
493 615 522 662 et
535 620 663 678 corpora,
681 607 755 662 inter
766 605 913 678 isstapiuem
962 615 993 664 et
1003 622 1052 665 ens
1066 610 1113 680 ptri
1125 609 1152 666 in
1168 609 1241 683 Lege
1255 609 1365 667 Domini
1381 609 1551 667 meditantur
1564 609 1608 666 dia
1621 625 1654 666 ac
1668 617 1761 680 nmis,

141 713 164 763 et
173 707 313 768 ueritatem,
333 699 406 756 inter
415 699 583 768 exemplaria
597 699 751 756 liitstroruni
765 707 795 756 et
810 714 842 755 ea
852 699 911 768 ipss
962 703 1039 772 consi
1051 703 1177 774 garrulos
1187 703 1357 776 inutilesque
1366 711 1563 761 contemnunt:
1573 716 1627 758 non
1638 699 1763 758 animad-

140 814 190 873 nna
201 813 243 868 per
255 795 420 868 exemplaria
435 794 691 867 prallpurabaotur.
703 793 847 864 Quomodo
861 795 913 850 tts-
962 806 1105 854 vertentes
1114 797 1277 867 Apostolum
1291 806 1357 868 post
1370 797 1525 870 catalogum
1540 794 1763 854 coravcrsationis

139 905 182 962 pue
197 887 382 954 msnmetodn,
408 887 552 959 patientis,
576 886 724 956 sobrietas,
748 885 908 954 moderatio,
943 890 1096 962 episcopi,
1113 889 1197 947 ctiam
1211 890 1365 948 doctrinam
1387 891 1518 948 similiter
1530 890 1708 964 praecepisse.

139 981 281 1040 retinentia
297 981 377 1048 lucri,
391 980 565 1054 hospitalitas
583 994 693 1055 ponnus
705 989 734 1038 et
744 980 908 1054 οοιιίςοίιοο,
998 984 1090 1057 (llets.
1109 985 1154 1052 iit,
1170 985 1228 1058 ii.)
1246 985 1313 1043 Stat
1323 986 1392 1042 ertias
1403 984 1478 1042 multi
1488 996 1513 1043 et
1524 1001 1577 1042 non
1592 984 1703 1055 subditi,
1715 999 1763 1042 sa·

138 1077 255 1150 precipuo
269 1089 332 1134 csse
347 1076 450 1134 debent
464 1077 493 1132 in
508 1076 649 1148 episcopo,
664 1087 692 1133 et
714 1077 784 1133 inter
798 1087 911 1134 cunctos
961 1079 1072 1150 allapsi,
1095 1086 1120 1134 et
1135 1080 1260 1135 mentium
1282 1079 1429 1154 deceptores
1444 1097 1454 1136 .·
1467 1081 1579 1136 munim
1600 1079 1646 1150 nsi
1658 1079 1691 1137 de
1709 1079 1763 1136 cir-

137 1173 207 1230 lsicns
217 1172 364 1230 emineatis
378 1188 386 1227 s
399 1171 442 1230 sin
455 1180 485 1228 ct
502 1171 616 1228 castitas
644 1171 755 1242 propria
768 1180 798 1228 et
808 1170 852 1244 (ut
872 1172 910 1226 ita
961 1173 1198 1243 esmeisionesttnt,
1214 1173 1307 1244 esibus
1326 1183 1427 1248 oportet
1446 1175 1581 1233 silentiam
1594 1173 1678 1231 indici
1691 1191 1701 1229 .·
1716 1174 1761 1245 ptri

135 1265 247 1336 dicerint)
265 1263 395 1336 pudicitia
420 1264 616 1331 sacerdotalis,
637 1273 668 1321 ut
687 1278 742 1322 uun
762 1264 852 1320 solum
876 1263 911 1320 ab
962 1267 1258 1323 snioersnssstoertont
1270 1268 1506 1336 dornos,doeentes
1518 1275 1761 1342 mannoportet,

30 1396 35 1437 ;
135 1373 204 1430 opere
213 1357 392 1415 raimmundo
404 1357 549 1427 abstineat,
566 1357 615 1416 sed
629 1357 713 1414 etism
727 1357 830 1428 alecto
843 1372 910 1414 ocu·
962 1361 1048 1432 turpis
1060 1359 1127 1415 lacti
1138 1361 1233 1432 pratia.
1248 1360 1301 1429 Qui
1312 1359 1443 1418 Ecclesiae
1459 1360 1568 1417 loturos
1580 1369 1623 1418 est
1633 1362 1762 1434 princeps

134 1451 149 1508 ii
170 1462 195 1507 et
208 1449 379 1522 capitationis
393 1465 499 1517 errore,
518 1464 596 1507 mens
609 1449 714 1507 Christi
731 1464 832 1521 corpus
843 1465 911 1508 con·
961 1450 1066 1509 babeat
1086 1452 1273 1526 eloquentiam
1290 1469 1353 1510 cotan
1369 1455 1433 1510 vitae
1445 1454 1603 1526 integritate
1614 1457 1758 1525 sociatsm,

133 1545 220 1600 lectma
233 1543 266 1600 sit
280 1543 378 1601 libera.
393 1542 488 1600 lustos
506 1558 619 1616 qoopue
636 1552 666 1600 et
677 1552 789 1601 sanctos
801 1544 910 1616 episco·
960 1563 996 1604 ne
1008 1563 1092 1620 opera
1108 1548 1212 1620 absum
1225 1562 1355 1606 sermone
1371 1549 1427 1605 sint
1440 1549 1532 1616 tacita,
1548 1559 1574 1606 et
1589 1547 1660 1606 dicta
1681 1549 1761 1606 lactis

133 1639 630 1712 pts7oeessedebet,otjustitiam
646 1640 674 1696 in
687 1638 910 1712 populisqnibus
959 1643 1152 1702 delinientibus
1174 1643 1341 1702 erubescant
1364 1663 1371 1701 a
1393 1643 1514 1700 maxime
1535 1658 1597 1700 cum
1622 1643 1677 1699 sint
1704 1656 1759 1701 nun

133 1743 229 1804 preest,
242 1741 381 1800 exerceat,
395 1734 516 1792 reddens
526 1734 756 1808 unicuiqoeouod
766 1745 908 1792 meretur:
963 1743 1055 1812 procl,
1079 1741 1128 1798 sed
1155 1741 1249 1810 piures
1264 1759 1271 1796 a
1286 1755 1339 1798 nec
1360 1740 1476 1810 subditi,
1492 1742 1541 1798 sed
1556 1741 1689 1811 protervi,
1711 1740 1759 1813 nui

27 1832 34 1861 ¹
131 1841 172 1881 nec
183 1825 289 1895 accipiat
306 1841 455 1898 personam
473 1828 501 1883 in
512 1826 628 1900 judicio.
645 1827 721 1884 iuter
732 1827 795 1885 laici
816 1839 908 1884 antem
924 1817 1017 1890 Boon
1030 1843 1129 1890 curent
1143 1833 1212 1890 iliud
1229 1833 1383 1891 Psaiotistac
1401 1833 1495 1890 dicere
1511 1851 1519 1890 a
1535 1831 1631 1890 Nomas
1644 1834 1761 1905 subjecto

130 1920 270 1992 etepiseopi
282 1921 420 1993 justitiam
432 1921 621 1992 insisterem,
633 1923 707 1995 quod
722 1923 808 1980 laicus
817 1933 909 1996 potest
963 1940 1004 1986 est
1019 1929 1075 1986 Deo
1096 1930 1185 1985 atritas
1206 1947 1264 1985 meo
1279 1927 1341 2002 (rs.
1365 1945 1420 2000 nrt,
1448 1930 1497 2003 ill
1510 1929 1565 1987 Sed
1580 1929 1680 1988 bornam
1702 1926 1759 2003 [Al.

129 2017 380 2088 appareteiustnsin
390 2020 497 2090 panacis,
508 2018 654 2091 episcopus
664 2020 768 2076 veroin
780 2026 908 2076 toteser·
960 2021 1106 2096 bonarum]
1125 2023 1257 2080 mentium
1272 2032 1437 2092 sementem,
1452 2037 1514 2094 uuas
1529 2021 1696 2080 naturaiiter
1709 2019 1760 2078 ba·

128 2110 320 2180 eerejustitiam
335 2109 350 2152 l
364 2120 467 2182 potest,
479 2121 546 2185 nunt
555 2112 717 2169 etsobditm
731 2112 825 2171 babet.
839 2112 908 2171 San·
958 2117 1006 2174 bet
1020 2117 1146 2174 notitiam
1161 2117 1221 2184 bei,
1238 2118 1312 2174 inani
1326 2117 1505 2189 persuasione
1517 2125 1688 2189 pervertent.
1702 2116 1760 2174 linc

128 2218 177 2264 ctos
188 2217 274 2264 anum
283 2209 359 2280 quw
372 2209 469 2268 Grrce
479 2207 551 2276 ὅσιος
562 2210 675 2280 dicitur,
689 2213 777 2285 magis
785 2212 813 2269 id
824 2214 908 2286 signi·
957 2210 1060 2283 quippe
1073 2211 1140 2267 mibi
1156 2210 1257 2267 Paulus
1271 2209 1382 2268 videtur
1393 2211 1526 2276 seruisse,
1541 2224 1605 2267 cum
1619 2208 1684 2266 dicit
1696 2229 1759 2288 ppr-

126 2301 187 2368 icst,
209 2315 268 2358 com
288 2301 350 2375 ipsa
373 2303 507 2360 sanctitas
520 2313 563 2362 cst
585 2306 669 2362 mixta
692 2307 800 2375 pietati,
822 2315 850 2364 et
872 2306 907 2362 ad
957 2307 1090 2363 ναπάτοιι
1110 2319 1163 2360 sion
1179 2315 1209 2360 ut
1222 2303 1392 2374 simpliciter
1404 2303 1519 2360 Latinus
1530 2303 1668 2374 interpres
1683 2311 1760 2358 trno·

127 2393 198 2450 mum
217 2396 346 2452 refertur.
371 2397 461 2465 Quem
485 2399 558 2455 enim
583 2413 635 2454 ttos
656 2411 792 2468 sanetum,
818 2400 906 2458 Gracci
957 2402 1044 2468 ntulit,
1058 2399 1219 2473 deceptores,
1231 2399 1279 2456 sesi
1292 2399 1415 2454 mentium
1429 2397 1588 2467 deceptores.
1603 2397 1636 2452 Et
1646 2394 1757 2468 quidem

125 2489 184 2562 ipos
196 2499 292 2546 vocant
309 2508 318 2545 a
336 2505 420 2563 quens
444 2500 536 2549 aulem
559 2493 598 2549 tlti
614 2491 694 2563 desso,
715 2509 766 2550 tros
787 2496 860 2566 piem
879 2496 907 2552 io
957 2496 1019 2552 sine
1027 2493 1230 2565 scripturarum
1246 2493 1411 2550 auctoritate
1419 2491 1567 2563 garrulitas
1581 2505 1633 2548 tion
1646 2489 1760 2549 baberet

124 2583 198 2640 besor
210 2599 357 2655 possnnm
371 2585 525 2657 appellare.
541 2586 583 2642 Sit
598 2603 708 2660 quoque
722 2588 868 2659 episcopus
879 2598 906 2645 et
958 2587 1053 2652 dialem,
1073 2587 1126 2644 nisi
1143 2585 1302 2643 viderentur
1323 2600 1480 2657 perversam
1501 2583 1657 2640 doctrinam
1673 2582 1757 2640 etiam

123 2675 268 2734 sustinens:
284 2692 341 2735 noo
355 2687 461 2735 tantum
471 2680 515 2752 (ut
530 2679 640 2751 quidam
654 2679 907 2752 psatsntlslibidioe
957 2682 1059 2739 divinis
1075 2681 1242 2738 testimoniis
1267 2679 1411 2736 roborare.
1429 2679 1460 2735 lii
1479 2685 1545 2734 sunt
1564 2677 1599 2735 de
1612 2677 1761 2734 circumcl-

122 2777 145 2823 et
155 2768 186 2825 ab
200 2772 291 2828 uxoris
309 2773 448 2842 amplexu.
471 2772 520 2829 sed
535 2772 571 2830 ab
592 2773 722 2830 omnibns
744 2772 829 2830 animi
842 2786 907 2845 per·
956 2775 1036 2832 sione
1050 2774 1150 2843 ludaei,
1166 2775 1213 2846 qui
1231 2783 1295 2831 titoc
1316 2773 1451 2846 temporis
1473 2781 1634 2829 nascentem
1655 2770 1760 2828 ebriati

122 2864 417 2922 turbationibnstoead
428 2867 600 2924 iracundiam
608 2869 820 2924 conciteturcne
830 2867 906 2922 iilum
957 2871 1112 2929 Ecclesium
1138 2871 1304 2926 stsbverterc
1330 2867 1511 2933 nitebantur,
1532 2875 1561 2924 et
1582 2863 1759 2924 introducere

121 2960 215 3017 tristitia
230 2961 342 3032 dejiciat
358 2981 365 3016 :
384 2978 420 3020 ne
442 2972 533 3020 terror
544 2965 675 3036 exspirat,
692 2979 728 3019 oe
744 2964 840 3019 latitia
855 2964 906 3019 im·
956 2972 1093 3037 precepta
1109 2961 1207 3035 legalia
1226 2981 1233 3019 :
1254 2961 1290 3018 dc
1304 2961 1405 3032 quibus
1419 2970 1447 3016 et
1461 2957 1497 3015 ad
1515 2959 1667 3026 Romanus,
1680 2967 1709 3015 et
1723 2955 1759 3014 ad

120 3053 245 3110 moderata
260 3056 403 3113 sustollat.
420 3057 596 3114 sustinentia
616 3066 706 3114 autom
723 3059 750 3113 in
771 3057 905 3117 troctibos
955 3058 1067 3116 Galatas
1079 3057 1187 3127 plenius
1201 3055 1303 3112 Paulus
1317 3053 1488 3126 exsequitur.
1504 3051 1538 3108 Et
1549 3066 1599 3109 nos
1613 3059 1677 3108 suto
1689 3065 1758 3122 pau·

120 3148 217 3218 spiritus
239 3151 276 3207 ab
300 3151 436 3222 apostolo
451 3163 595 3208 numerata
611 3160 665 3208 est.
680 3151 714 3206 Et
737 3152 762 3207 si
784 3150 904 3223 eripitur
955 3167 1004 3208 cos
1024 3165 1144 3216 menses.
1164 3151 1215 3207 tria
1230 3150 1370 3205 uolumina
1388 3149 1416 3204 in
1432 3145 1563 3217 Epistulae
1587 3143 1621 3202 ad
1645 3143 1757 3202 Galatas

23 3274 24 3281 κ
118 3243 291 3315 abomnibus,
306 3253 413 3317 cassato
428 3246 517 3319 magis
530 3246 566 3302 ab
579 3247 720 3316 episcopo,
736 3245 783 3317 qui
797 3210 941 3319 patiensc
957 3245 1156 3316 explanatione
1166 3243 1343 3301 dicturimos.
1357 3240 1438 3298 Tales
1449 3238 1576 3296 bortrines
1590 3238 1694 3296 unctor
1707 3237 1760 3294 lic·

118 3344 141 3390 tt
155 3351 311 3397 utanstteitts
326 3339 411 3396 debet
424 3339 489 3396 vitia
506 3342 578 3396 lerrc
600 3341 771 3410 peccasttium
787 3357 795 3395 r
809 3353 906 3396 consu·
956 3339 1059 3409 clesiae,
1075 3339 1119 3395 cui
1134 3338 1233 3393 animae
1244 3334 1532 3408 populorumcredilae
1543 3341 1617 3403 sutri,
1633 3331 1760 3405 scripto-

116 3427 158 3484 lari
173 3433 549 3500 pusillanimes:sustentare
562 3431 686 3489 inlirmos
702 3432 790 3489 anulii
804 3433 905 3488 malum
956 3446 1050 3490 rarum
1066 3430 1146 3490 debet
1164 3431 1270 3487 ratione
1283 3441 1427 3500 superare,
1439 3426 1617 3484 etsilentium
1633 3425 1688 3482 iliis
1701 3433 1758 3482 tes·

23 3508 24 3579 i
116 3536 159 3594 pro
174 3525 399 3595 maloreddere;
415 3527 593 3584 sedvincerc
609 3525 849 3583 inbonumalom.
865 3524 905 3582 bd
956 3525 1103 3582 timonium
1123 3523 1244 3594 pondere
1267 3521 1410 3592 imponere
1431 3537 1439 3575 s
1460 3519 1507 3592 qui
1531 3533 1585 3576 non
1601 3527 1759 3585 uuam,aut

114 3631 259 3680 extremum
270 3622 397 3680 obtineat
405 3637 468 3680 enm
478 3623 525 3694 qui
537 3622 687 3680 secumdum
698 3621 851 3678 doctrinstn
862 3629 906 3678 est
955 3633 1058 3692 paucas
1069 3620 1178 3686 domos,
1193 3617 1241 3674 sed
1264 3609 1407 3672 ottiver'sss
1419 3630 1481 3672 cum
1503 3614 1623 3672 dominis
1635 3611 1761 3670 familiis·

115 3709 212 3769 bdrlem
224 3729 396 3782 serationem,
409 3715 739 3785 tatouosnodosermoilei
752 3715 902 3785 bdelisest,
954 3729 1008 3785 que
1031 3713 1210 3776 solarentuut,
1226 3711 1361 3768 docentes
1375 3708 1410 3766 de
1434 3708 1562 3766 ciborum
1582 3706 1760 3776 differentiis,

113 3807 391 3879 etomniaeceptinoe
403 3806 502 3879 dmitos
518 3824 526 3873 ;
543 3810 583 3863 nic
596 3819 625 3865 et
637 3809 682 3864 tile
697 3808 781 3864 talem
792 3823 823 3863 se
835 3821 904 3880 pree-
954 3806 989 3864 dc
1013 3805 1120 3864 sabbati
1138 3806 1193 3873 jaus
1209 3805 1277 3860 olim
1303 3801 1467 3868 abolitione,
1485 3801 1520 3857 de
1539 3799 1760 3858 circumcisionis

113 3898 177 3968 beat,
190 3911 218 3957 nt
234 3915 321 3960 omne
333 3902 407 3974 qnod
422 3903 553 3970 loquitur,
568 3901 622 3959 une
633 3902 745 3973 dignum
760 3903 901 3960 entissime·
953 3900 1054 3972 injuria
1068 3909 1169 3968 :utpote
1182 3899 1285 3955 utinam
1300 3896 1353 3952 boc
1369 3898 1457 3968 ipsum
1472 3895 1534 3950 zelo
1548 3894 1611 3952 lidei
1622 3893 1757 3964 iacerent,

111 4003 157 4064 tur,
170 4008 198 4052 et
219 4000 309 4056 verba
333 3998 422 4070 ipsius
443 3999 501 4054 sint
524 3999 618 4071 regula
641 4000 774 4055 veritatis.
801 4001 903 4057 Potens
953 3999 1079 4062 exparte
1101 3991 1190 4062 salinus
1207 3999 1301 4061 possm
1323 3990 1444 4060 ilill⁰⁸ssla
1466 3986 1578 4044 ilicem
1598 3985 1756 4056 Ai⁰⁵¹⁰¹⁰²

111 4103 210 4161 qunque
223 4092 262 4148 sit
275 4105 327 4148 eos
339 4091 385 4164 oui
397 4092 491 4148 wculi
504 4091 585 4148 istius
598 4091 752 4150 turbinibus
764 4094 904 4165 crepitan·
953 4082 1096 4151 Confiteor,
1112 4085 1197 4139 mlum
1206 4081 1254 4138 Dei
1268 4083 1373 4150 bobettt,
1389 4080 1435 4136 sed
1445 4095 1497 4135 nort
1511 4077 1656 4134 secundnm
1668 4077 1755 4133 scien·

110 4189 158 4246 tur.
171 4184 326 4254 consolari,
339 4195 367 4241 et
378 4200 428 4255 per
438 4199 532 4241 sanam
543 4185 698 4242 doctrinam
714 4185 821 4242 infirma
835 4202 903 4256 prar-
952 4179 1014 4234 tinnt
1030 4175 1120 4246 (Rom.
1137 4193 1163 4240 x,
1177 4177 1218 4244 b).
1235 4174 1336 4231 ilerum
1351 4177 1416 4245 quia
1432 4173 1505 4228 botas
1516 4179 1560 4226 est
1575 4179 1672 4228 venter
1685 4170 1757 4243 ipso·

108 4287 179 4347 cepta
191 4277 355 4336 destrucre.
382 4277 455 4335 Sana
478 4288 572 4335 notem
592 4277 902 4346 doctrinamentum
952 4266 1393 4340 runs,turpislucripratiavoInut
1404 4261 1754 4336 proprioslacerctiiscipu-

108 4367 310 4429 distinctionem
323 4369 460 4442 languidis
476 4371 649 4443 infirmaeque
668 4372 812 4428 unctrtnae,
828 4371 903 4427 Totis
952 4361 1088 4435 ¹⁰⁸‚705
1097 4371 1125 4416 ut
1136 4361 1212 4431 quasi
1222 4358 1345 4432 insagistri
1355 4377 1369 4412 a
1379 4357 1563 4414 sectatoribus
1570 4355 1755 4414 suisalantur.

106 4477 207 4536 nonque
220 4465 270 4534 sit,
287 4475 317 4522 nt
331 4465 554 4522 constradicentes
566 4475 664 4537 arguat
678 4465 828 4522 haereticos
841 4465 901 4520 siae
951 4456 1101 4514 Possumus
1116 4463 1207 4510 autern
1222 4463 1250 4510 et
1264 4455 1343 4511 aliter
1366 4452 1542 4524 interpretari
1557 4451 1609 4510 boc
1628 4450 1703 4525 quud
1714 4449 1755 4508 di·

105 4557 218 4630 ludens,
243 4570 274 4617 οι
295 4558 393 4616 secoli
417 4559 498 4616 istius
519 4560 670 4628 sapientes.
694 4558 730 4614 lit
753 4557 898 4630 superiora
951 4560 1026 4608 cloto
1050 4561 1108 4618 est,
1133 4551 1217 4620 turpis
1238 4549 1305 4604 lucri
1333 4549 1419 4621 protis
1442 4563 1451 4604 :
1472 4558 1502 4604 ut
1527 4555 1655 4620 putemus
1681 4545 1758 4618 Apu·

105 4652 208 4722 quidem
222 4669 288 4726 qnae
304 4654 331 4709 iu
346 4651 471 4726 episcopi
483 4651 635 4708 virtutibus
652 4653 755 4723 posuit,
769 4651 803 4707 nt
816 4652 900 4707 vitam
951 4647 1052 4704 stolum
1075 4646 1213 4702 comutnoi
1230 4644 1312 4701 verbo
1328 4659 1424 4710 usuras,
1437 4659 1493 4716 qtto
1513 4656 1610 4699 omnes
1632 4641 1756 4698 baeretici

104 4749 250 4816 pertinent.
265 4747 325 4805 linc
337 4746 486 4818 veroquod
499 4749 556 4802 ait:
572 4745 606 4803 lit
617 4757 707 4820 potens
720 4747 754 4801 sit
766 4745 899 4800 cottsolori
949 4756 1014 4798 cum
1029 4756 1155 4812 perversa
1170 4740 1282 4808 docent,
1306 4753 1336 4795 se
1357 4737 1500 4795 bominum
1514 4735 1606 4794 soient
1628 4751 1755 4795 asserere

103 4839 261 4898 iadoetra‘ssss
274 4857 341 4897 seno
353 4857 362 4895 .·
375 4848 401 4896 et
420 4840 628 4896 contradicentes
643 4855 762 4911 sepsere,
778 4839 902 4895 releren·
950 4837 1102 4895 lucratores
1119 4853 1126 4891 a
1141 4851 1204 4892 curn
1227 4851 1280 4890 noo
1303 4833 1411 4892 lucrum
1430 4834 1477 4902 sit,
1494 4832 1543 4889 sed
1556 4830 1685 4904 perditio,
1697 4830 1757 4886 ani·

102 4931 162 4988 doru
178 4942 223 4990 est
243 4931 281 4990 ad
300 4933 457 4990 scientiam.
473 4932 543 5001 Quia
563 4932 587 4988 si
600 4931 723 5003 episcopi
737 4939 843 4987 tantona
864 4933 901 4987 sit
951 4946 1010 4989 mas
1030 4928 1184 4986 interlicere
1205 4928 1397 5000 deceptorum.
1415 4924 1530 4994 Contra,
1552 4926 1597 4997 uati
1617 4939 1755 4982 errantem

101 5039 190 5083 sancta
216 5027 289 5094 sita,
312 5027 367 5084 sibi
382 5036 474 5098 potest
489 5027 622 5100 prodesse
636 5027 675 5083 sic
690 5028 797 5084 virens.
814 5027 900 5082 Porro
950 5024 1063 5078 fratrent
1080 5035 1157 5076 suom
1170 5019 1248 5089 juxto
1263 5018 1442 5089 Evangelium
1457 5017 1634 5089 corripuerit,
1656 5015 1681 5073 si
1697 5014 1756 5073 inc·

99 5119 121 5174 si
135 5119 266 5177 doctrina
287 5127 316 5177 et
334 5134 465 5177 sermone
479 5119 565 5176 tuerit
578 5119 715 5188 cruditus,
739 5128 854 5191 potest⁶
869 5135 900 5176 se
951 5118 987 5175 rit
1004 5115 1049 5172 iile
1059 5113 1358 5181 conversos-lucratus
1371 5121 1498 5168 cstcuot.
1511 5109 1589 5180 Quod
1604 5109 1677 5166 enim
1693 5123 1751 5164 ma·

100 5225 277 5286 ceterosque
299 5214 441 5272 instruere
456 5232 465 5273 a
480 5223 508 5270 et
521 5229 577 5271 nou
591 5214 683 5271 solum
703 5215 857 5283 instruere,
873 5224 902 5272 et
950 5211 995 5284 jus
1014 5211 1118 5266 lucrum
1141 5219 1230 5279 potest
1255 5221 1328 5273 esse,
1344 5215 1391 5262 aot
1411 5203 1476 5277 qnid
1497 5203 1657 5274 pretiosius,
1672 5217 1754 5274 uuam

98 5301 198 5362 docere
213 5318 306 5360 sons:
327 5304 422 5362 sedet
443 5304 623 5363 aduersarios
638 5318 818 5378 repercutere
835 5307 903 5376 :uui
952 5305 975 5362 si
990 5305 1138 5360 botnaoam
1165 5301 1283 5356 arrianam
1308 5299 1368 5370 quis
1391 5297 1532 5355 lucretur?
1552 5295 1649 5353 otonis
1673 5296 1754 5367 ipitor

98 5396 149 5452 nisi
172 5397 292 5454 relutati
315 5397 419 5455 luerint
439 5409 523 5471 atque
536 5399 669 5464 convicti,
693 5399 776 5458 facile
798 5408 901 5471 qucum
951 5400 1049 5458 doctor
1064 5397 1206 5462 Ecclesiae,
1222 5396 1268 5467 qui
1285 5393 1317 5450 ad
1333 5394 1413 5451 lidcto
1430 5389 1532 5448 Christi
1556 5399 1629 5448 recta
1645 5391 1754 5450 ratione

96 5488 268 5562 'miliciam
279 5489 459 5565 cordam.
470 5501 641 5563 pervertere.
656 5493 705 5551 llic
716 5495 791 5552 locus
801 5495 902 5553 adver·
950 5492 1111 5568 persuadet,
1124 5489 1259 5546 booestus
1282 5487 1403 5544 lucrator
1418 5497 1472 5542 cst.
1488 5485 1521 5541 Et
1536 5484 1628 5542 ursinis
1643 5485 1754 5541 bereti·

130 5661 144 5692 ¹
162 5655 301 5715 Fortasse
314 5656 416 5714 rectius
429 5657 458 5714 in
469 5658 617 5716 vetustiori
630 5658 808 5717 Cisterciensi
822 5658 899 5716 cotil-
988 5654 1004 5696 l
1024 5655 1083 5710 boo
1107 5667 1175 5710 ⁰¹⁸⁸·
1197 5649 1292 5718 debet,
1319 5663 1387 5721 ill⁰s
1413 5656 1519 5722 9⁰⁸⁶·ss
1536 5647 1665 5720 ffl⁰¹¹¹lill0
1689 5661 1754 5704 '¹¹⁰¹

94 5740 136 5791 ee,
149 5738 282 5814 mlum
295 5730 401 5816 laterem
421 5732 690 5819 iater‘propositiottt's
704 5749 782 5801 pnnes
797 5740 821 5788 et
837 5748 896 5787 rur·
949 5728 1102 5855 sipsnnth
1112 5723 1193 5788 ierat·
1530 5794 1536 5808 ¹

95 5814 143 5866 pars
163 5797 287 5856 Garssssi
297 5817 357 5873 paee
369 5801 518 5874 differentis
536 5813 604 5861 nater
618 5805 746 5876 stnlrnm,
763 5815 832 5874 ete,
845 5805 897 5860 sub
987 5813 999 5841 ⁰
1022 5799 1042 5857 lt
1063 5812 1106 5857 em
1119 5811 1185 5854 ross.
1199 5803 1282 5868 polest
1297 5803 1402 5852 celans
1415 5809 1517 5868 quoqne
1526 5801 1664 5854 tnslroere.

95 5868 377 5945 issterrepaudinota.
