4000 6334
113 316 149 377 nt
563 310 779 374 euunuunnuuu
800 310 833 373 ru
853 309 1021 377 essenus.
1041 314 1167 377 nseuu.
1188 316 1236 377 ux.
1419 292 1423 299 ’
1675 320 1730 378 sus

22 426 24 521 ζ
111 434 165 501 Quot
173 436 226 487 sum
240 427 308 485 uitia
323 436 513 501 peccaturum,
526 440 608 489 tantun
622 443 650 490 et
663 433 801 501 ciuitates,
823 431 913 499 luocA
964 434 1165 507 Misenensi,
1179 434 1302 492 Domine.
1319 434 1378 491 Vox
1389 434 1540 493 celeste:
1561 434 1629 493 Vide
1643 437 1730 494 iuueni·

22 522 25 611 ᾗ
111 522 339 593 est,munitioues‚
356 524 498 599 inquibus
522 526 649 584 diabolus
667 528 818 597 regnabat:
846 542 879 584 ac
930 530 1031 588 litatem
1053 549 1136 588 menen
1154 532 1188 588 de
1208 532 1323 587 inimicis
1346 531 1433 586 arms:
1455 531 1500 603 qui
1519 532 1621 588 exultas
1638 549 1678 588 ms
1699 532 1732 589 ιε

22 614 24 701 ξ
111 621 127 676 sl
136 619 209 675 licut:
223 616 388 675 Delecorunt
403 633 451 689 per
462 625 523 676 tuus
539 619 746 693 predicatores.
931 624 1014 694 portis
1027 625 1135 693 mortis,
1149 632 1204 681 ete.
1218 621 1310 679 Portas
1325 622 1423 679 mortis
1442 632 1507 680 suot
1525 623 1614 680 studia
1629 640 1731 696 paren-

22 704 24 767 Ξ
136 710 203 767 Periit
215 712 340 767 memmio
354 726 444 768 eorum
458 729 517 768 eum
530 714 628 770 sonitu.
645 714 734 771 Sonus
747 713 880 772 doctrinm
932 725 1005 783 tum,
1019 716 1067 786 qui
1080 714 1207 773 colebant
1220 714 1345 772 diuersos
1359 714 1426 773 eleos
1450 714 1660 773 demoniorum.
1677 715 1734 789 lpsi

22 794 24 901 ᾗ
110 804 204 872 illorum,
216 803 260 859 uel
273 802 466 861 haereticorum
480 804 551 863 mela
567 820 628 863 curn
643 806 710 879 ipsis
725 808 817 877 periit.
830 806 881 863 Vel
932 816 1012 865 eraut
1033 817 1121 881 portu
1145 808 1259 876 ntortis,
1282 823 1400 882 quorum
1424 808 1549 867 doctrina
1563 810 1597 867 ad
1615 816 1732 867 mortem

22 904 24 983 l
109 913 155 955 ιιι
171 896 270 964 souitu,
296 895 324 953 id
339 906 397 968 0⁵¹2
424 913 440 954 ι
463 897 658 971 predicatione
677 896 829 969 Elliflieffi·
847 896 882 952 Et
932 901 1057 961 ducebat
1076 904 1183 963 Aliter:
1198 903 1290 961 Portae
1308 904 1424 976 mortis,
1448 904 1642 963 hereticorum
1663 905 1732 963 duc·

109 988 210 1045 Douuiaus
223 988 251 1043 in
266 996 392 1045 eternum
409 998 552 1061 pomonal.
569 989 603 1047 Et
621 990 680 1063 ipse
697 1000 723 1049 et
736 990 779 1047 sui
793 990 881 1047 saneti
933 996 1019 1065 trina,
1039 997 1074 1055 ιε
1096 999 1195 1070 quibus
1218 1000 1307 1071 portis
1331 1000 1451 1057 exaltata
1477 1009 1521 1058 est
1543 999 1686 1058 Ecclesia:
1706 1010 1735 1057 et

22 1098 24 1163 p
109 1096 156 1137 cum
165 1080 369 1139 tumultuatione
382 1096 431 1139 sua
448 1083 592 1154 peribunt,
606 1083 634 1140 in
648 1084 748 1141 secula
765 1082 882 1141 Domino
934 1089 1017 1146 missa
1030 1100 1074 1147 est
1090 1090 1117 1147 in
1133 1098 1226 1162 portas
1238 1090 1303 1147 tiliae
1317 1090 1395 1161 Sion,
1407 1106 1468 1164 quar
1478 1100 1544 1149 sunt
1557 1100 1644 1165 portas
1658 1093 1735 1151 uiue.

22 1164 24 1271 j
108 1186 273 1250 permanente,
288 1186 318 1236 ut
330 1177 459 1245 diximus,
475 1186 503 1235 et
515 1178 572 1235 suis
586 1180 701 1235 sanetis.
933 1181 1010 1239 Siout
1023 1196 1072 1253 per
1087 1182 1188 1239 malam
1202 1181 1354 1240 doctrinam
1373 1183 1451 1255 quasi
1465 1191 1560 1257 portas
1580 1184 1678 1241 mortis
1689 1184 1734 1240 in·

22 1276 24 1337 t
134 1270 229 1326 Porueit
242 1270 270 1325 in
285 1269 461 1339 pollicinem.
478 1269 565 1330 Dentre
577 1271 649 1327 eninr
661 1270 795 1343 judicium
808 1270 884 1328 ιειΙίι
935 1274 1100 1347 telllqimus,
1123 1290 1184 1345 quas
1207 1290 1259 1331 nos
1281 1275 1315 1331 ad
1335 1276 1476 1332 interitum
1499 1275 1626 1333 ducunt:
1650 1276 1686 1332 ita
1708 1286 1736 1333 ει

108 1364 169 1421 illio.
186 1362 291 1419 Perosis
304 1364 333 1418 iu
340 1362 443 1437 judicio
456 1363 543 1420 sedem
557 1379 655 1419 suom:
671 1362 697 1419 ld
717 1371 773 1432 est,
791 1361 884 1419 Eccle·
935 1374 1029 1438 portas
1039 1367 1101 1424 ritae
1115 1366 1291 1440 intelligimus
1305 1368 1393 1425 bouum
1407 1368 1612 1441 praedicatores,
1624 1368 1671 1441 qui
1683 1384 1734 1426 nos

109 1457 175 1513 tisun:
188 1456 220 1513 ιε
234 1472 287 1529 qua
303 1456 362 1529 ipse
373 1456 505 1529 judicabit
518 1458 612 1515 orbem
625 1465 721 1526 terrae,
735 1456 806 1527 quon
821 1463 885 1513 sunt
935 1474 1072 1532 persuum
1084 1461 1238 1517 doctrinam
1252 1461 1286 1517 ει
1301 1462 1384 1519 uitam
1400 1471 1532 1519 eternam
1547 1463 1662 1521 ducunt.

22 1568 23 1571 ¹
106 1564 183 1607 onnes
200 1557 307 1623 parntes.
330 1548 365 1604 ln
384 1550 506 1623 equitate
521 1548 651 1621 perieulis
666 1547 788 1621 populos.
805 1545 883 1617 Quod
971 1554 1122 1611 exsultatu
1135 1554 1162 1610 ιιι
1176 1555 1288 1612 emulare
1300 1563 1356 1610 soe.
1371 1554 1534 1625 Emluueu,
1549 1554 1576 1611 id
1589 1565 1650 1624 est,
1666 1570 1736 1628 guu-

22 1664 23 1667 ¹
106 1654 138 1701 est
150 1644 267 1715 equitas,
280 1642 333 1699 hoe
348 1650 391 1699 εει
403 1651 431 1698 ει
443 1642 561 1715 justitia,
576 1640 603 1698 tu
616 1649 670 1711 εει,
686 1640 822 1701 Christus.
834 1638 884 1697 Vel
936 1645 1007 1703 depo
1021 1666 1027 1701 :
1042 1646 1077 1701 lu
1091 1646 1204 1704 saturari
1217 1654 1273 1718 soe,
1286 1646 1313 1702 iu
1324 1644 1435 1704 cbristo
1447 1656 1504 1705 uuo.

105 1737 184 1794 iterato
197 1734 305 1793 scilicet
323 1736 441 1793 aduentu
457 1750 519 1793 cum
539 1734 622 1808 justis
634 1734 759 1807 praemia,
775 1733 885 1807 injustis
973 1738 1070 1811 infuso
1084 1748 1145 1796 sunt
1166 1749 1253 1814 partes
1267 1738 1295 1795 in
1312 1740 1418 1795 interitu
1439 1742 1656 1814 permenserunt.
1678 1738 1738 1800 lloc

105 1829 218 1889 internum
237 1839 266 1888 ει
279 1844 402 1902 poenam.
899 1832 924 1895 B
938 1841 991 1901 εει,
1003 1832 1031 1889 in
1045 1832 1126 1890 mulis
1139 1833 1268 1904 operibus
1281 1832 1489 1905 quaeserunt,
1503 1832 1541 1890 ibi
1556 1831 1648 1890 iutixae
1661 1844 1736 1905 suut,

130 1926 159 1982 Dt
181 1928 269 1998 [octus
290 1933 328 1981 est
353 1924 481 1981 Dominus
506 1924 637 1999 repuqium
665 1925 785 1997 pauperi.
808 1922 883 1981 luter
934 1926 1094 1999 dequibus
1118 1924 1275 1997 judicandas
1297 1932 1372 1982 sunt.
1401 1922 1437 1981 ln
1462 1924 1555 1998 laqueo
1580 1925 1632 1981 isto
1659 1941 1738 1997 quesn

22 2012 23 2021 ’
103 2031 231 2091 pauperem
246 2025 276 2074 ει
288 2015 488 2083 aduersarium,
504 2017 556 2073 luoc
570 2014 787 2085 est‚'diubolum‚
800 2014 884 2085 juudux
934 2016 1136 2086 asscenderunt,
1152 2025 1206 2073 etc.
1223 2015 1292 2086 Quia
1308 2016 1498 2089 unusquisque
1515 2016 1642 2089 laqueum
1656 2032 1739 2090 quem

22 2116 23 2121 ’
102 2111 347 2183 eritlllsristusrqui
356 2108 489 2183 judicabit
500 2110 571 2167 inter
581 2108 733 2167 Ecclesiam
747 2118 775 2164 et
786 2107 884 2164 aduer·
935 2111 1015 2168 alteri
1028 2117 1106 2182 parat
1116 2108 1151 2166 ad
1166 2108 1332 2177 ειιειιιιιιιι,
1347 2108 1407 2180 ipse
1420 2110 1497 2182 prius
1510 2110 1538 2165 in
1553 2125 1589 2166 eo
1600 2109 1691 2167 cadet.

22 2210 23 2265 ]
102 2204 200 2274 sarium,
214 2206 270 2261 luoc
284 2211 344 2270 εει,
360 2202 510 2260 diabolum.
526 2200 605 2260 Unde
625 2209 654 2259 et
673 2202 699 2257 in
721 2198 885 2273 Apocalypsi
971 2201 1145 2275 Copaossetur
1157 2199 1285 2256 Dominus
1303 2199 1407 2274 jurlieio
1420 2200 1531 2271 [ueiens.
1546 2198 1733 2273 Cuqnossetur,

99 2297 201 2355 dieitur:
221 2297 277 2366 Qui
291 2305 333 2353 εει
348 2304 492 2353 aecusator
512 2294 628 2351 lunurum'
648 2304 817 2351 nostrorum.
834 2290 885 2349 vet
936 2296 1053 2365 luooest,
1066 2295 1259 2367 adjudicium.
1284 2292 1319 2350 ln
1340 2294 1463 2364 operitur
1483 2311 1608 2351 manum
1628 2312 1735 2352 suorum

100 2390 131 2447 illi
145 2404 295 2463 pauperes,
308 2388 355 2460 qul
373 2398 485 2461 propter
497 2403 560 2445 eurn
577 2402 711 2460 pauperes
725 2386 804 2454 lacti,
816 2384 886 2442 divi·
936 2387 1137 2461 commutemus
1147 2398 1184 2444 est
1193 2396 1324 2462 pecemor.
1333 2387 1402 2455 Quia
1414 2387 1600 2460 unnsquisque
1607 2398 1737 2460 peccator

100 2484 141 2541 uias
153 2500 212 2542 suus
234 2484 263 2541 in
285 2484 363 2541 cibos
377 2482 545 2540 distribuunt
556 2496 719 2555 pauperum.
732 2479 845 2552 tujunr
858 2480 885 2535 in
937 2482 998 2553 ipse
1015 2482 1071 2540 sibi
1084 2497 1178 2540 secum
1193 2490 1282 2554 portat
1301 2492 1328 2539 et
1342 2482 1438 2551 ιιιιιεε,
1455 2483 1622 2554 elementa,
1639 2493 1667 2541 ει
1681 2494 1738 2541 tor·

100 2574 336 2647 opportunitatibus.
352 2574 469 2647 adjutor
484 2582 528 2632 est
542 2572 672 2631 Eeoleslee
697 2586 764 2629 sure.
782 2568 816 2627 ln
837 2570 886 2627 tri·
936 2584 1041 2643 menta,
1059 2574 1131 2631 unde
1151 2571 1285 2631 sustineat
1298 2575 1380 2630 mala.
1395 2573 1463 2630 Nam
1483 2574 1517 2633 ab
1536 2576 1600 2633 aliis
1621 2586 1737 2635 nonest

99 2670 227 2729 ιιιειὶειε.
240 2670 356 2740 Quando
366 2678 551 2742 oppurtunum
566 2677 618 2740 εει,
631 2666 710 2724 utait
721 2666 885 2739 Apostolus.
936 2680 1052 2725 neeesse
1065 2666 1215 2739 preparari
1229 2665 1303 2722 unde
1325 2675 1499 2738 torqueatur,
1522 2682 1584 2725 cum
1600 2666 1659 2740 ipse
1682 2668 1735 2726 silui

22 2818 23 2821 ,
98 2764 187 2822 Fidelis
200 2766 276 2823 Deus
296 2764 343 2835 qui
366 2777 420 2820 oon
436 2762 554 2834 patietur
567 2774 617 2817 vus
639 2758 741 2817 tentari
762 2772 845 2830 supra
860 2754 888 2813 iul
938 2758 1316 2831 praeparetqueaupoeuam
1331 2756 1490 2831 pertinent:

22 2848 23 2857 ἶ
96 2856 157 2927 quod
171 2856 307 2927 potestis:
323 2854 372 2912 εει
385 2851 469 2911 laniet
479 2868 541 2910 cunt
558 2852 709 2910 tentatione
723 2850 808 2908 etiam
824 2865 889 2923 pro-
973 2848 1164 2908 Conosrtunlur
1176 2860 1324 2924 peccatores
1346 2851 1374 2907 in
1388 2852 1531 2925 inponunt.
1548 2852 1577 2910 tu
1592 2861 1650 2924 est,
1672 2856 1738 2927 quia

95 2960 206 3019 uentum,
221 2959 255 3006 ut
270 2947 382 3019 possitis
392 2946 530 3004 sustinere
545 2964 552 3001 r
572 2960 608 3004 ne
619 2960 684 3003 cum
696 2940 888 3017 peecatoribus
937 2945 1012 3005 ultra
1033 2944 1116 3003 flnem
1140 2945 1234 3002 seculi
1248 2946 1343 3003 uiuere
1365 2946 1472 3013 uolunt,
1497 2955 1695 3006 convertantur
1709 2947 1738 3005 in

94 3039 118 3097 in
130 3040 261 3113 supplicio
273 3038 435 3097 damnemur
449 3047 553 3096 auterno
569 3036 598 3111 (l
613 3036 674 3094 Gor.
691 3038 737 3109 u).
939 3038 1088 3095 internum.
1116 3035 1212 3092 Omnes
1235 3046 1324 3111 pentes
1347 3052 1407 3110 quoe
1429 3037 1620 3093 obliviscuntur
1644 3038 1738 3097 Deum.

125 3134 233 3207 Spemne
247 3133 276 3190 in
290 3144 325 3190 ue.
338 3133 367 3190 Ιι
380 3140 439 3203 est,
453 3148 509 3190 uon
522 3132 550 3189 in
563 3144 611 3201 se,
628 3131 676 3189 εει
691 3129 722 3189 in
738 3138 775 3201 te,
791 3136 820 3187 et
834 3146 888 3187 non
941 3131 1000 3188 llos
1014 3139 1069 3200 εει,
1084 3129 1132 3202 qui
1149 3129 1246 3186 dicunt
1264 3128 1336 3202 quod
1348 3129 1422 3187 Deus
1436 3128 1627 3202 obliuiscetur,
1643 3141 1672 3189 ει
1684 3147 1739 3191 nou

98 3225 121 3281 in
132 3225 361 3300 cuncupiscentiis
372 3225 476 3283 saeculi.
492 3226 544 3293 Qui
556 3234 682 3281 nonerunt
695 3240 788 3279 nornen
802 3233 885 3278 tuum.
901 3224 926 3291 C
941 3224 1042 3283 labem
1061 3240 1154 3281 curant
1177 3224 1212 3281 ιε
1233 3224 1318 3281 rebus
1340 3225 1413 3293 suis,
1437 3223 1490 3295 ipsi
1513 3225 1710 3283 obliviscantur
1725 3243 1741 3283 a

94 3316 151 3376 Siue
178 3320 352 3392 potentiam,
381 3318 439 3375 siue
465 3316 697 3391 magnificentiam
726 3324 811 3371 tuam.
835 3312 887 3370 llel
940 3318 1077 3375 Domino:
1093 3318 1226 3390 quianon
1241 3316 1613 3389 dicuuntuerumqundDeus
1628 3317 1741 3377 obliuis-

93 3426 186 3470 uomen
202 3422 303 3470 tuum:
327 3412 354 3469 tu
375 3422 429 3481 εει,
442 3410 542 3469 Filium
559 3420 644 3468 tuum.
661 3410 755 3479 Quare
775 3416 888 3481 propter
939 3422 1017 3469 catur
1031 3419 1173 3468 creaturus
1185 3423 1268 3477 suas;
1281 3410 1345 3482 quia
1359 3409 1447 3468 dicit:

93 3506 139 3563 lune
161 3506 235 3579 quud
259 3505 404 3578 sequitur:
420 3504 553 3573 Qruenium
577 3519 628 3559 uon
643 3500 800 3574 dereliquisti
813 3514 886 3574 queue·
977 3503 1111 3575 Quoniam
1126 3520 1179 3560 non
1189 3503 1216 3560 ia
1235 3504 1313 3574 prtem
1326 3503 1431 3577 obliuio,
1444 3513 1499 3563 etc.
1512 3506 1582 3576 Quia
1597 3507 1622 3565 si
1635 3506 1737 3580 differt,

93 3610 170 3655 rentes
186 3610 228 3667 te,
244 3598 370 3657 Domine.
387 3597 453 3656 ldeo
471 3606 584 3671 sperent
600 3598 626 3653 in
643 3605 669 3652 ue
684 3612 691 3651 ε
709 3603 739 3652 ut
757 3592 842 3650 illud:
859 3594 888 3651 Si
938 3612 993 3656 non
1013 3596 1106 3653 uurlert
1120 3612 1200 3654 suurn
1213 3597 1348 3655 aruxiliom
1360 3613 1376 3655 a
1390 3600 1494 3657 sanctis
1509 3601 1580 3657 suis.

91 3708 185 3765 eorpus
199 3692 350 3760 occidunt,
366 3692 489 3749 aniunum
503 3698 593 3747 autem
609 3703 664 3747 non
678 3694 794 3759 possunt
813 3685 887 3742 occi·
974 3687 1113 3763 Eseurqe,
1128 3688 1251 3758 Domine,
1269 3706 1321 3747 aon
1343 3691 1483 3761 prosulcat
1507 3691 1598 3750 euerso.
1615 3694 1672 3751 Vox
1688 3694 1742 3753 Ec·

92 3785 160 3845 ιειε.
177 3786 284 3845 'lamen
297 3784 432 3859 permittit
443 3783 507 3842 illos
521 3782 637 3850 tentari,
653 3780 701 3839 εει
716 3796 770 3836 non
785 3792 887 3851 usque,-
938 3784 1031 3841 clesiue
1051 3793 1133 3841 seruat
1154 3791 1249 3841 contra
1263 3774 1483 3842 Antieluristunu:
1499 3782 1637 3859 Deseror,
1653 3786 1681 3842 in
1694 3786 1741 3858 ju·

90 3894 206 3952 quaque.
939 3878 1040 3936 elicium
1053 3896 1061 3934 ε
1076 3894 1127 3935 nou
1139 3876 1280 3952 presulem
1290 3876 1391 3934 nome:
1408 3877 1435 3934 id
1446 3886 1500 3946 est,
1515 3876 1598 3935 homo
1609 3888 1739 3950 peccator

123 3972 236 4031 Psotlite
248 3972 372 4032 Domino.
387 3970 418 4031 ld
435 3980 494 4041 εει,
510 3979 618 4029 cantate
637 3968 768 4037 Domino,
788 3964 888 4039 praedi·
940 3970 1137 4029 Anticluristus.
1168 3968 1327 4027 iudicentur
1347 3977 1435 4043 pentes
1461 3970 1489 4026 in
1512 3979 1653 4045 sorrspeetu
1682 3981 1740 4029 tuo.

89 4077 161 4139 cate,
176 4083 264 4142 opere
276 4068 400 4140 implete.
418 4066 471 4136 Qui
485 4066 583 4123 luolitot
596 4066 623 4121 in
638 4066 715 4123 Sion.
732 4063 813 4133 Sion,
827 4078 888 4131 spe·
942 4063 1051 4121 Duobus
1063 4063 1152 4120 modis
1171 4063 1291 4135 primurn
1303 4062 1361 4134 jam
1376 4062 1406 4119 in
1420 4062 1594 4136 prescientia
1607 4063 1654 4121 Dei
1664 4064 1740 4136 judi·

89 4165 157 4229 ente,
174 4163 204 4220 id
224 4171 277 4231 εει,
291 4159 461 4228 ierusalem,
477 4161 601 4231 luooest.
617 4158 683 4215 uisio
695 4157 789 4231 pacis:
807 4153 889 4212 unedo
940 4154 995 4213 eati
1007 4163 1081 4211 sunt.
1096 4154 1205 4223 Quare?
1217 4154 1286 4223 Quia
1300 4153 1333 4211 ad
1349 4154 1501 4212 Ecclesiam
1518 4170 1572 4213 nou
1588 4156 1737 4227 pertinent,

88 4255 218 4315 Ecclesia
236 4255 282 4313 hie
303 4254 476 4327 speculatio:
496 4252 560 4326 quia
575 4251 732 4325 speculatur
751 4249 784 4307 de
798 4248 890 4305 luturo
940 4246 990 4303 sed
1005 4246 1040 4304 etl
1059 4245 1260 4305 Antichristum
1272 4263 1280 4301 ι
1294 4246 1358 4319 quia
1371 4247 1477 4305 dictum
1490 4258 1552 4305 est:
1573 4247 1626 4317 Qui
1649 4260 1740 4307 autem

86 4349 188 4419 posteo
199 4349 259 4406 Dei.
270 4346 327 4406 Setl
336 4346 515 4405 cumvenerit
526 4345 560 4402 aul
571 4344 723 4401 Jerusalem
736 4341 887 4408 coelestem,
941 4356 996 4399 non
1013 4341 1112 4411 credit,
1127 4341 1183 4413 jam
1195 4340 1332 4412 judicatus
1344 4349 1387 4397 est
1400 4340 1494 4415 (loun.
1506 4342 1559 4413 ιιι).

86 4460 140 4502 nen
165 4444 226 4502 erit
251 4453 318 4502 tunc
342 4442 516 4515 speculatio,
540 4440 590 4497 sed
612 4436 693 4495 visio.
721 4434 800 4493 Unde
822 4431 891 4489 llicit
978 4432 1126 4507 Constitue,
1141 4433 1266 4502 Domine,
1288 4433 1620 4510 lepislutorsmsupereos.
1636 4434 1664 4492 ld
1680 4443 1740 4508 εει,

86 4538 192 4597 Paulus
206 4560 215 4596 ι
231 4540 364 4598 Videmus
378 4552 450 4595 nune
463 4551 512 4609 per
527 4533 669 4608 speculum
685 4533 712 4589 in
729 4530 887 4602 enigmate,
942 4529 1154 4597 antichristum,
1167 4527 1214 4601 qui
1226 4527 1299 4583 lator
1313 4526 1382 4598 legis
1396 4525 1477 4583 malae
1493 4525 1625 4585 doctrinm
1637 4537 1697 4597 εει,
1713 4541 1743 4586 uu

85 4643 149 4691 tunc
164 4644 261 4693 autern
274 4633 346 4690 lucie
358 4631 392 4688 ad
407 4630 505 4689 taciens
520 4628 549 4703 (l
559 4626 621 4686 Cor.
641 4626 716 4702 mu).
731 4624 889 4681 Annurrtiuts
901 4624 929 4688 l)
941 4624 979 4679 ait
991 4622 1113 4678 Paulus:
1129 4619 1282 4678 liolucrunt
1296 4618 1422 4692 recipere
1433 4620 1595 4689 ueritatem,
1609 4620 1659 4679 seul
1672 4636 1741 4679 con·

84 4727 153 4783 inter
167 4738 260 4803 pentes
270 4727 358 4784 studio
372 4729 439 4799 ejus.
455 4724 514 4781 lun
528 4722 667 4796 puopluctn
678 4721 809 4778 admouet
820 4733 889 4793 pras·
941 4724 1087 4775 senserunt
1100 4713 1236 4787 lniquituti
1250 4712 1261 4787 (
1269 4712 1280 4768 l
1294 4711 1387 4771 Tness.
1399 4711 1449 4784 n).

83 4816 231 4878 ditatores
243 4829 272 4878 ut
284 4819 447 4893 predicent.
470 4817 628 4874 Arununtiate
642 4816 729 4873 studio
744 4817 800 4885 sp‘us
813 4828 822 4867 .·
837 4812 891 4870 hoc
979 4807 1071 4865 Sciunt
1082 4814 1170 4880 pentes
1183 4805 1306 4877 quonium
1318 4804 1436 4861 luumines
1448 4812 1520 4862 sunt.
1531 4804 1600 4863 Cum
1612 4807 1742 4869 condenn-

84 4920 142 4980 εει,
168 4912 322 4984 praedicate
342 4909 471 4968 mandata
496 4908 567 4981 eius.
581 4908 709 4966 l'orsiuan
726 4907 765 4963 illi
780 4907 890 4964 dicent:
943 4911 1015 4959 natas
1026 4898 1139 4971 lueriuut,
1157 4908 1221 4957 tunc
1234 4908 1403 4971 cognossent
1415 4899 1480 4971 quia
1495 4916 1572 4973 spem
1587 4902 1614 4957 in
1629 4900 1742 4961 hunnine

81 5000 242 5062 lioriemur
254 5006 277 5062 si
291 5004 326 5061 ad
341 5013 437 5077 pentes
449 5000 759 5060 ambulaverimustsetl
771 4998 893 5071 adjungit
944 5002 1109 5067 posuerunt,
1133 5002 1158 5049 et
1185 5006 1240 5049 non
1267 4990 1295 5049 in
1323 4992 1435 5061 Deum,
1461 4995 1509 5066 qui
1533 4996 1610 5052 solus
1633 4995 1744 5055 salvare

81 5097 230 5167 propheta
246 5116 251 5152 :
945 5096 1047 5162 potest.

118 5190 262 5261 Quorrionu
271 5190 407 5264 requirens
417 5190 570 5267 sunqruinenu
580 5202 680 5245 eorum.
692 5186 726 5243 ttu
738 5182 889 5243 Dominus:
983 5178 1019 5237 tls
1032 5178 1105 5252 quit,
1120 5176 1242 5247 Domine,
1256 5177 1385 5235 recessisti
1408 5178 1504 5251 lonqe?
1520 5178 1610 5249 Quare
1629 5180 1744 5254 elongas

78 5282 181 5341 Nolite
208 5282 327 5343 umere:
354 5284 418 5357 quia
442 5284 466 5341 si
490 5282 622 5341 occidunt
640 5295 759 5355 corpus,
773 5280 893 5335 animam
945 5276 1067 5333 salutare
1091 5283 1167 5331 tuum
1189 5289 1251 5331 cum
1278 5287 1330 5331 nos
1353 5271 1514 5329 inflammati
1529 5288 1624 5330 sumus
1643 5275 1677 5332 ab
1692 5291 1743 5333 ex·

77 5394 139 5436 non
157 5380 421 5451 possuntueciulere
440 5380 520 5455 (llus.
540 5378 584 5452 ι).
596 5378 767 5436 vlieunorutus
786 5386 822 5433 est
836 5375 893 5432 Do·
945 5374 1116 5448 spectatione
1142 5372 1276 5431 aduentus
1302 5370 1361 5428 tuit
1380 5369 1462 5429 llnde
1485 5369 1621 5429 Dominus
1634 5372 1703 5429 dixit
1716 5373 1746 5432 in

78 5472 179 5527 minus
193 5486 206 5526 .·
225 5482 246 5526 st
260 5488 310 5528 non
331 5482 369 5528 est
384 5470 479 5527 ollitas
499 5473 646 5527 orationem
665 5469 800 5545 pauperis.
816 5470 856 5525 Αε
869 5464 895 5525 si
947 5470 1095 5543 Evangelio
1107 5488 1114 5525 ε
1128 5468 1186 5527 Nisi
1199 5467 1318 5527 breviati
1332 5466 1451 5523 luissent
1460 5466 1520 5523 dies
1532 5465 1583 5536 illi,
1596 5481 1651 5524 non
1666 5466 1749 5526 fleret

74 5564 162 5623 dicet
180 5566 335 5638 propheta:
351 5565 409 5623 Non
423 5574 465 5623 εει
476 5564 576 5622 oblitus
587 5564 726 5622 uindicare
735 5561 893 5636 sanquinem
947 5564 1023 5622 salua
1036 5564 1128 5621 omnis
1140 5577 1206 5622 earo
1217 5562 1327 5639 (ιιιιιιι.
1342 5559 1434 5631 extu).
1447 5557 1567 5634 Despicis
1579 5560 1607 5616 in
1620 5570 1748 5635 opportu-

75 5668 235 5716 uestrum.
246 5659 322 5718 Unde
334 5662 393 5732 ipse
404 5659 537 5717 Dominus
550 5657 619 5715 dixit
631 5676 638 5713 ε
653 5658 724 5715 Deus
736 5664 827 5713 autern
839 5670 895 5712 non
947 5658 1084 5726 nitatibus,
1098 5667 1154 5717 ete.
1168 5657 1246 5716 Tenue
1258 5656 1390 5715 uideretur
1404 5654 1558 5728 despicere.
1573 5656 1684 5728 quando
1700 5672 1751 5731 op-

72 5750 176 5811 !uciet
202 5752 348 5811 virtututem
369 5753 517 5811 electorum
540 5768 652 5819 suorum
673 5751 850 5810 clamantium
863 5748 897 5807 ad
949 5761 1101 5825 portunum
1124 5762 1233 5823 tempus
1249 5759 1291 5807 est
1305 5749 1439 5808 Ecclesia
1462 5757 1493 5805 ut
1512 5747 1638 5821 adjuvet.
1654 5760 1683 5807 ει
1695 5766 1752 5809 nou

74 5860 112 5902 se
127 5844 186 5903 die
205 5858 239 5903 ac
252 5856 329 5905 noete
345 5845 423 5920 (eus.
439 5844 527 5919 uuus).
951 5847 1044 5907 statim
1058 5846 1180 5905 occurrit
1195 5845 1235 5902 illi
1254 5842 1282 5902 in
1306 5843 1495 5904 tribulatione.
1512 5843 1621 5914 Quare?
1635 5854 1665 5901 ιιι
1677 5844 1753 5904 illam

325 5940 463 6004 l‘usuou.
482 5938 600 6005 xxvt.
1185 6030 1189 6037 Ι
1455 5934 1497 5998 Di
