4000 6334
80 311 120 372 111
496 295 738 364 coittttrilittil
757 300 789 360 lit
810 298 939 361 utitittill
959 297 1032 358 1011.
1051 298 1131 359 cdl).
1152 297 1273 357 iiiiii.
1647 293 1702 356 iii

79 443 101 491 ot
111 425 216 504 potentia
226 432 255 482 et
266 424 371 482 uirtute
384 421 496 492 sirudis,
509 419 759 494 poteritcijiintitia
769 428 851 489 atque
864 417 893 478 Α
904 414 946 472 rel
962 415 1032 472 iacta
1047 425 1123 484 rum,
1135 415 1164 472 in
1177 411 1347 472 revelatione
1356 412 1491 469 adrentus
1503 409 1623 481 bomini,
1639 411 1704 469 obe·

80 521 199 598 mpieniia,
214 519 338 591 legitque
352 515 597 586 multiplicatione,
613 511 724 585 iudiciis
738 523 850 584 qunque
901 507 1019 567 curitate
1041 510 1086 566 eui
1111 517 1139 564 ct
1169 507 1358 582 profunditate
1385 507 1592 582 mysteriorum,
1618 506 1705 566 ueluti

81 611 357 688 eitssimiliaintenirl.
368 609 403 667 iit
414 608 475 667 iden
485 620 637 680 cognosce,
652 605 703 674 nit,
716 603 779 676 guin
791 603 851 660 nol·
901 603 994 658 clenna
1014 603 1092 672 cigna
1115 601 1226 658 intenta
1249 609 1324 658 aunt.
1340 600 1472 658 imbrium
1490 613 1557 659 reru
1579 598 1701 668 nomine,

80 710 136 767 losa
149 706 211 774 ben,
222 705 271 779 gui
286 703 362 761 uolui
374 709 419 761 cit
432 711 461 760 ct
473 698 552 760 lortis
564 708 592 758 ct
610 698 731 772 capiens,
749 697 851 768 iniuste
902 692 977 766 large
985 692 1099 751 ednmm
1108 694 1224 769 gretiam
1234 693 1356 767 Spiritui
1365 693 1526 751 canctieeee
1536 692 1705 763 noverimne,

81 798 163 874 peterit
171 795 358 855 condemnari.
902 785 973 842 aicut
990 785 1031 842 nit
1045 784 1203 858 ipociotm,
1218 802 1266 857 per
1284 787 1421 844 immun
1432 785 1608 862 peremtoria
1626 796 1652 842 et
1664 801 1707 844 re·

107 891 160 960 Quia
169 889 260 958 poterit
273 887 386 946 uictori
398 887 453 944 ilua
463 890 531 964 ciue.
542 885 612 956 Quin
621 883 726 958 utique,
735 881 789 940 niti
802 881 854 940 irn-
903 880 1053 937 notationi·
1063 880 1181 954 spiritui
1194 881 1292 954 concii,
1306 897 1382 954 gueni
1391 880 1488 954 effudit
1500 879 1529 938 itt
1542 897 1590 938 nce
1603 878 1706 938 ilario

80 989 137 1062 pins,
148 985 289 1059 mpcrbuo,
304 984 364 1042 nire
374 982 537 1055 sacrilegus,
551 979 611 1038 riae
622 979 777 1038 diuinorum
788 990 855 1050 ope·
903 971 1216 1048 perniciemne.

81 1095 127 1138 ium
142 1073 253 1134 scrutari
267 1075 435 1146 pmaumatl
455 1073 528 1145 ound
542 1087 597 1132 nnn
609 1072 690 1140 licet;
708 1079 737 1131 et
759 1080 853 1128 temen
941 1066 994 1137 nii
1015 1068 1051 1123 tle
1064 1067 1177 1126 nubilar
1191 1071 1289 1142 panni,
1304 1085 1364 1143 gau
1384 1078 1533 1142 pretecim
1546 1079 1641 1128 cuncto
1655 1069 1705 1126 tle·

80 1170 201 1244 gnaruris
216 1169 371 1228 intentione
384 1169 485 1228 mentio
499 1167 650 1242 perquirat,
666 1180 714 1224 eta
730 1164 855 1223 inuenire
904 1175 993 1234 nuper.
1011 1159 1105 1216 tlubee
1118 1160 1223 1218 acinus
1239 1161 1404 1236 plerumque
1422 1163 1450 1222 in
1470 1162 1626 1235 scriptoria
1641 1177 1706 1221 aan-

82 1264 239 1336 nnnpntcrit.
668 1289 669 1292 =
904 1261 965 1310 ctos
975 1252 1120 1325 appellari,
1131 1255 1204 1310 eicon
1214 1263 1243 1311 et
1256 1253 1432 1313 martimum
1443 1265 1488 1314 eet
1499 1255 1619 1330 quodam
1630 1254 1705 1329 loco,

109 1358 210 1432 inignit
223 1357 304 1415 eadm
318 1359 343 1414 ei
360 1357 468 1414 dicere:
484 1355 613 1428 Operatio
626 1371 653 1412 et
670 1351 856 1428 iniguitatem!
905 1347 1017 1406 dicente
1032 1348 1150 1406 Domino
1163 1345 1220 1407 :Et
1232 1348 1344 1406 nuliius
1356 1349 1499 1419 mendcio,
1514 1365 1546 1406 tre
1559 1351 1652 1424 pluant
1661 1364 1708 1406 att·

82 1452 132 1522 piris
144 1466 203 1524 ergo
215 1459 274 1508 tam
285 1450 462 1519 temerarius,
476 1449 621 1520 etiniquut
632 1455 715 1520 atque
727 1445 856 1518 iniuntur,
905 1458 951 1516 per
967 1458 1025 1498 enm
1038 1440 1157 1514 planiam
1171 1456 1182 1499 .·
1198 1442 1225 1499 id
1244 1450 1298 1512 eit,
1316 1443 1439 1510 vineam,
1454 1440 1529 1514 good
1547 1451 1590 1500 eit
1601 1482 1610 1510 ,
1623 1455 1707 1515 cuper

81 1543 115 1614 mi
126 1540 278 1599 incandeat
288 1540 381 1614 inquii
391 1538 593 1598 flncnmtriain
606 1537 735 1610 injuriam
746 1535 799 1595 inb
811 1535 856 1594 ‹ti-
906 1549 1016 1612 gentem
1031 1538 1216 1612 peccatricem
1229 1538 1388 1598 liidaeorum
1405 1539 1520 1601 :verbis
1531 1538 1590 1597 iulo
1609 1539 1708 1598 talutia

81 1647 168 1694 mmm.
906 1631 1027 1703 pluriam
1040 1647 1095 1688 nnn
1110 1630 1291 1691 obtruderent.
1308 1632 1348 1691 lie
1362 1631 1464 1690 talibut
1476 1631 1562 1705 igitur
1577 1633 1706 1704 nubibni,

109 1729 223 1786 tenenti
235 1729 307 1802 good
320 1728 424 1802 ignoret
438 1744 504 1802 cpite
515 1729 584 1803 ejttt,
598 1725 632 1784 de
644 1743 695 1801 qno
709 1725 858 1783 cecirteraut
907 1724 1041 1796 rpoetclie
1052 1724 1194 1793 uidelicet,
1207 1737 1236 1783 et
1250 1727 1411 1798 apostolicie
1425 1727 1505 1800 tirio,
1520 1724 1709 1801 predicatori-

81 1827 125 1882 riri.
138 1826 181 1882 iel
194 1841 278 1882 omne
289 1825 422 1898 gencrale
432 1837 502 1896 npun
512 1823 584 1895 ejus,
595 1821 639 1880 rel
649 1829 725 1880 certe
738 1819 857 1892 speciale
870 1807 895 1869 B
910 1817 959 1873 bus
969 1815 1106 1887 ueritatis,
1119 1817 1158 1875 itti
1173 1818 1279 1876 imbreo
1288 1818 1385 1892 plnum
1398 1821 1482 1880 talem
1495 1819 1629 1895 pluriam,
1646 1833 1710 1892 gum

80 1919 208 1993 oputcjne.
222 1919 316 1991 super
330 1917 422 1975 omnia
443 1917 517 1975 enim
537 1930 646 1988 magna,
667 1923 696 1972 et
719 1912 857 1970 mirabilia
908 1909 1010 1970 babeat
1018 1912 1046 1968 in
1056 1928 1087 1969 se
1099 1911 1305 1971 similitudinem
1315 1917 1588 1989 gurgitumprnpter
1596 1929 1712 1973 amno·

81 2029 147 2085 opera
164 2013 238 2084 eiua,
257 2019 303 2068 cei
320 2009 533 2084 dispensationis
555 2005 659 2066 Cbrieti
680 2005 855 2082 mysterium,
908 2019 968 2060 rum
980 2005 1135 2064 cmleetinm
1148 2007 1317 2077 opacitatem
1332 2023 1341 2067 ι
1356 2009 1402 2067 nbi
1415 2023 1538 2084 congrue
1551 2007 1619 2067 illud
1631 2007 1714 2066 beri-

80 2106 135 2180 qmd
144 2106 227 2163 oculei
238 2121 292 2162 nott
305 2105 380 2174 cidit,
394 2119 440 2161 nec
452 2101 643 2172 remeamini,
659 2101 742 2158 necin
755 2101 859 2156 cerin-
910 2096 1005 2156 dicum
1020 2098 1122 2157 dicium
1137 2115 1146 2154 t
1161 2097 1312 2158 Teiorum
1323 2118 1393 2175 equo
1406 2102 1435 2160 itt
1447 2101 1559 2160 nebim
1568 2101 1648 2159 aerii.
1662 2100 1712 2159 lite

81 2201 142 2255 iiiiii
154 2199 277 2258 excudit.
297 2198 352 2257 titii
365 2195 670 2265 dixerunttddemeeto,
686 2195 750 2269 oiim
761 2210 857 2269 mugen
909 2194 992 2270 igitur
1019 2198 1117 2264 nubea,
1138 2198 1264 2271 ingram,
1287 2211 1338 2270 per
1351 2211 1422 2272 gnae
1445 2196 1549 2256 imbree
1571 2195 1711 2271 gurgitum

80 2295 180 2369 aiitep'ci
193 2309 286 2368 opere,
308 2307 365 2366 gnte
383 2289 558 2348 lmdnrmcnt
579 2290 638 2350 oiri.
665 2288 705 2348 lle
727 2288 857 2347 omnibns
909 2289 999 2348 duunt
1012 2289 1040 2348 in
1051 2299 1166 2360 terram,
1182 2290 1591 2363 prmternutcnnctadeeuper.
1605 2289 1714 2348 liaben-

81 2387 188 2458 operibus
200 2387 249 2445 bei
261 2387 340 2452 dicit,
353 2401 417 2459 qum
430 2383 520 2444 tancti
531 2384 580 2442 riri
593 2383 621 2442 in
637 2383 773 2441 bonorem
788 2382 859 2440 diri·
911 2393 952 2442 tce
961 2385 1037 2442 enim
1046 2383 1118 2443 intra
1131 2400 1258 2460 retonat
1269 2385 1426 2460 evangeiii,
1439 2385 1589 2444 ntdnmina
1599 2385 1635 2443 de
1645 2400 1713 2446 ren·

82 2478 303 2538 uaeteneratinnie
317 2479 417 2536 mcritn
428 2474 628 2535 laudaverunt.
911 2487 1064 2538 trecorum
1082 2480 1169 2540 duam
1188 2497 1267 2554 egum
1287 2483 1371 2553 rium,
1391 2482 1427 2542 de
1449 2480 1639 2554 repertorium
1652 2497 1712 2556 mg-

111 2571 194 2630 dnoree
211 2572 332 2630 bendum
349 2569 437 2628 iidem
460 2588 529 2639 eum,
550 2569 728 2644 unuquisque
745 2567 862 2626 intuetur
911 2573 1015 2642 etcriia,
1024 2573 1103 2645 quael
1112 2574 1232 2646 quodam
1246 2585 1393 2648 pretextu,
1405 2589 1434 2633 et
1443 2575 1614 2635 obecuritate
1628 2590 1714 2650 agua·

81 2665 163 2736 procul.
181 2667 233 2726 Per
251 2680 361 2724 naturae
378 2666 496 2734 bonum,
515 2665 613 2725 notitia
633 2665 768 2724 creatorie
788 2663 862 2722 inest
911 2682 989 2737 rum,
1004 2666 1176 2725 obstaculum
1190 2668 1348 2727 carnatium
1362 2668 1466 2728 iaciunt
1479 2679 1508 2728 et
1522 2667 1660 2728 terrenied

81 2761 187 2820 cordibus
202 2762 365 2831 buminum;
380 2772 407 2818 et
428 2761 553 2834 quamvis
569 2759 667 2834 aliquis
683 2769 737 2818 inm
760 2775 861 2833 parrut
949 2761 981 2820 Si
994 2762 1107 2820 intumit
1120 2763 1258 2820 eetmdmc
1282 2763 1603 2831 oulecmueitentorieei
1625 2779 1712 2835 ueni,

81 2853 109 2910 tit
119 2863 142 2911 et
154 2854 279 2929 trigidius,
294 2865 324 2912 ot
334 2853 444 2912 alienun
454 2869 516 2912 ense
526 2852 635 2910 studeat
647 2861 800 2912 acreatorc
812 2866 863 2910 sno
913 2869 938 2916 et
951 2857 1088 2934 fulgurare
1099 2859 1260 2930 inminente,
1271 2859 1383 2933 damper
1395 2859 1513 2916 cardineo
1525 2875 1627 2933 qaoque
1633 2858 1714 2916 mitrii

81 2946 135 3016 boe,
145 2949 231 3008 nulius
241 2957 338 3008 umen
349 2957 392 3006 eet
406 2948 453 3022 gui
465 2963 495 3005 ec
504 2945 648 3006 abecnndit
658 2961 674 3003 a
685 2945 780 3004 calore
789 2945 859 3018 ciui.
913 2953 1025 3026 operiet.
1037 2951 1077 3010 lta
1091 2952 1165 3011 enlm
1176 2951 1323 3026 praedictae
1337 2952 1425 3012 nubes
1437 2952 1573 3023 extendit,
1588 2953 1663 3012 etde
1672 2953 1715 3013 cia

81 3043 107 3100 bt
118 3042 172 3102 idco
183 3045 372 3119 unusquiegue
383 3043 552 3116 morutium,
565 3041 631 3100 licet
641 3040 677 3099 de
689 3041 782 3114 louge,
799 3055 864 3098 aen·
914 3045 941 3105 in
958 3060 1069 3106 omnem
1088 3057 1190 3106 terram
1203 3049 1305 3107 exierit
1318 3063 1407 3108 renue
1420 3064 1529 3122 minin,
1554 3059 1583 3109 et
1600 3050 1630 3108 in
1644 3050 1713 3110 doen

81 3138 107 3194 tii
120 3149 144 3196 el
163 3139 312 3213 intelligit,
335 3136 506 3196 dissimiliter
525 3134 638 3210 quidem
652 3133 778 3203 omnino,
800 3132 864 3206 quia
915 3140 990 3198 iiiiii!
1014 3151 1096 3199 terrm
1112 3141 1195 3201 ieiiid
1215 3141 1326 3201 illorum
1343 3160 1350 3199 ς
1366 3142 1597 3216 quemadmodum
1618 3153 1715 3219 poem

81 3249 122 3289 noir
136 3243 267 3308 tamquam
278 3247 379 3306 corpus
388 3241 436 3290 ant
446 3232 517 3290 sicut
525 3245 724 3305 quemcumque
736 3228 863 3301 spiritum
876 3207 900 3274 G
916 3231 1024 3292 locutue
1033 3243 1077 3292 cei
1087 3233 1282 3307 additcipnlon
1295 3250 1371 3305 ione,
1383 3235 1411 3293 id
1421 3245 1475 3306 ert,
1490 3236 1577 3296 nubet
1588 3251 1664 3305 tuac,
1674 3235 1719 3295 oi-

81 3337 194 3399 creatum
210 3329 248 3386 ita
277 3326 360 3386 centii
382 3341 444 3384 eone
462 3326 561 3392 licum,
576 3323 635 3382 nire
656 3321 795 3394 inteiligit,
810 3321 859 3379 ncd
914 3339 979 3383 cone
995 3341 1005 3386 t
1019 3324 1054 3382 Et
1067 3327 1142 3385 eritli
1155 3324 1220 3383 niilti
1233 3335 1311 3384 tester
1323 3329 1352 3384 in
1373 3327 1533 3402 documen,
1549 3339 1573 3388 et
1583 3328 1678 3388 datico
1691 3339 1718 3387 et

81 3421 124 3477 elin
137 3423 217 3480 multo
230 3432 261 3482 et
278 3419 412 3480 inciiablli
425 3419 518 3489 modo,
534 3434 589 3491 quo
605 3419 677 3476 beor
689 3418 749 3476 acie
761 3417 864 3477 mentia
915 3416 1051 3486 Samum,
1063 3430 1089 3476 et
1099 3419 1224 3493 usquead
1233 3422 1355 3479 aldiniaci
1366 3432 1463 3481 terrie:
1476 3439 1526 3497 per
1539 3440 1609 3498 quae
1621 3425 1717 3501 otique

81 3525 114 3572 cet
123 3516 266 3575 intuendus
279 3516 344 3574 :ubi
355 3515 382 3572 in
396 3511 662 3587 ipeoobtotucordis
673 3509 863 3584 intelligendo,
915 3511 1005 3570 nobee
1020 3526 1071 3568 ena
1084 3511 1192 3585 inigura
1207 3515 1413 3587 praedicatlonia
1434 3517 1676 3591 reeplendueront,
1688 3526 1718 3577 et

82 3605 231 3667 ridctbomo
242 3607 320 3683 guod
335 3621 417 3681 sopra
432 3606 522 3678 iprum
537 3612 581 3664 cat
594 3603 662 3662 illud
676 3604 799 3662 divinum
814 3617 863 3662 nn·
915 3601 1036 3661 nomiuic
1048 3604 1152 3663 chricti
1168 3604 1241 3664 lama
1254 3607 1292 3664 de
1310 3608 1383 3666 coelo
1401 3609 1478 3666 velut
1497 3609 1589 3668 lumen
1603 3609 1715 3669 euoluit.

81 3717 144 3771 nen,
158 3703 229 3776 gund
243 3701 428 3774 contemplari
442 3711 568 3760 conatur.
915 3697 999 3756 biario
1018 3699 1114 3768 ctiam,
1132 3700 1229 3758 mundi
1256 3701 1384 3760 uidelicet
1403 3701 1484 3776 boine
1497 3704 1624 3764 cardineo
1636 3721 1720 3764 occu·

109 3793 167 3852 em
178 3794 251 3854 Deae
267 3795 497 3873 magnanimem
511 3794 646 3852 aebutium
661 3805 788 3852 nmmum.
806 3792 866 3851 ilar-
917 3790 1018 3863 pauit:
1041 3791 1101 3850 sire
1121 3791 1251 3851 cardineo
1274 3794 1369 3852 mnndi
1393 3810 1538 3869 minumus
1563 3798 1718 3873 intelligere

81 3905 290 3950 mementorum
303 3892 363 3965 ejice
375 3887 574 3947 inestimabilia.
588 3887 709 3948 vincent
720 3887 865 3948 acientiam
916 3887 1066 3959 principes,
1082 3897 1111 3945 et
1132 3889 1224 3963 capite
1246 3893 1370 3964 gentium
1389 3892 1561 3953 directarum
1577 3910 1717 3969 :quorum

81 3997 185 4044 nnstmm
200 3983 392 4062 magnitudine
414 3982 610 4044 scicntinrauae
624 3993 653 4043 ct
664 3983 866 4057 altitudinc'ju·
917 3981 1059 4040 crrnriboe
1074 3995 1108 4039 ac
1126 3982 1219 4055 prarie
1232 3983 1421 4043 doctrinarum
1441 3987 1619 4046 tunsionibus
1638 4005 1719 4046 mun·

80 4076 196 4136 diciorum
212 4094 341 4138 suornm.
916 4070 968 4130 dus
977 4071 1005 4129 in
1020 4072 1082 4131 leco
1097 4074 1304 4148 auperttltiouie
1314 4077 1512 4137 demoniorum
1527 4079 1603 4138 uelut
1617 4081 1645 4138 in
1655 4095 1718 4140 car·

109 4172 153 4240 iiii
164 4175 249 4246 ecfert
265 4171 354 4229 utilitia
372 4169 476 4245 plutio,
491 4180 516 4228 ei
529 4169 641 4240 effundit
656 4169 754 4227 imbreo
768 4169 805 4226 od
818 4169 863 4227 in·
917 4165 982 4226 diue
994 4168 1167 4227 vertebatur.

79 4270 275 4343 umgargitinri.
293 4267 371 4324 lianc
385 4281 451 4341 ergo
466 4265 595 4340 pluriam,
613 4264 700 4336 legem
717 4263 803 4339 bopsi
819 4265 864 4320 in·
952 4260 1007 4320 Per
1015 4261 1074 4321 lice
1086 4264 1158 4322 enim
1166 4263 1273 4340 judicet
1284 4267 1406 4341 populor,
1421 4277 1448 4325 ct
1466 4269 1512 4325 dat
1533 4284 1606 4327 eirca
1629 4271 1719 4329 muttit

81 4361 230 4436 teilipamus,
250 4379 315 4438 qnae
329 4362 364 4420 dc
385 4360 458 4420 coelo
472 4359 546 4419 uelut
565 4359 659 4435 plmia
672 4361 748 4418 uertit
763 4360 866 4432 populo
917 4356 1081 4414 mortaliter.
1093 4357 1242 4416 litinenim
1260 4359 1345 4418 rebue
1361 4370 1600 4420 recrementornm
1619 4363 1720 4437 pradi-

34 4521 35 4534 χ
79 4454 231 4518 iudeorum.
249 4460 287 4516 Et
300 4457 391 4530 pluria
403 4457 473 4514 dicta
486 4463 531 4514 est
543 4463 866 4530 proptcrpraeccptorom
917 4448 1616 4526 ctis,statuititempieiartimainoictomirercu
1628 4472 1719 4531 popo·

34 4559 36 4569 ·
80 4552 285 4622 multitudinem,
301 4553 376 4611 sicut
390 4551 491 4624 etipse
505 4549 615 4624 ilnysee
629 4551 663 4608 de
676 4549 771 4608 eadem
784 4561 867 4620 gente
919 4541 954 4601 ¹5⁸
971 4543 1154 4614 1111101111
1170 4546 1571 4610 &mwlddclrinmverbi
1590 4551 1720 4626 misire

79 4645 221 4706 lodaenrum
236 4648 295 4714 ait,
309 4645 407 4703 dicens
423 4659 431 4705 t
447 4642 618 4717 Empectetar
630 4643 697 4700 nictit
710 4640 800 4718 pluuia
813 4642 868 4700 eio-
920 4636 1117 4709 mysteriorum
1143 4637 1250 4696 cunctis
1273 4639 1448 4712 mortalibus,
1472 4643 1625 4701 secundum
1646 4645 1721 4719 gund

79 4739 153 4808 gnam
168 4735 679 4811 mecm.liujusigiturpluiimstillas
693 4734 727 4792 de
743 4736 789 4793 ille
803 4750 868 4808 gon·
920 4729 980 4802 ipse
1001 4730 1039 4789 ait
1062 4747 1072 4790 a
1095 4729 1155 4806 Ego
1176 4749 1235 4790 miti
1255 4735 1332 4808 panii
1355 4737 1438 4808 cinni,
1459 4738 1506 4812 pei
1528 4737 1561 4794 de
1581 4738 1648 4798 celo
1670 4740 1719 4797 de·

79 4835 222 4892 teabetulit
236 4835 325 4902 Deus,
340 4840 370 4890 ut
380 4839 422 4888 eet
435 4829 479 4890 rel
493 4829 527 4886 de
539 4828 729 4888 incarnatione
742 4829 788 4886 rel
802 4844 868 4902 pae-
919 4824 1019 4880 urendi.

80 4925 155 4996 sione,
170 4927 264 4986 uelde
282 4925 488 4986 resurrectione
501 4923 617 4994 Gbriiti,
632 4937 694 4995 qum
706 4921 794 4980 ludaei
808 4937 870 4980 cre·
957 4919 993 4975 ln
1011 4919 1130 4977 manilii
1147 4920 1282 4978 abscondit
1295 4920 1391 4997 lucem,
1405 4933 1431 4980 et
1443 4925 1561 4999 precipit
1580 4927 1645 4984 eiiii
1657 4944 1720 4985 rair-

79 5019 135 5078 dere
146 5031 291 5080 caemcnto
301 5019 386 5078 corde
397 5021 555 5087 noluerunt,
566 5033 627 5090 qum
638 5027 701 5075 sunt
714 5032 795 5090 parua
806 5019 868 5089 qui·
920 5027 965 5068 ιιιι
979 5009 1111 5070 alletia&
1127 5011 1267 5070 1111111111
1277 5012 1344 5085 i¹⁸³¹i
1357 5014 1454 5086 iudicii
1472 5018 1526 5083 1111,
1542 5017 1633 5076 lumen
1650 5021 1723 5078 noli·

79 5111 129 5170 dem
139 5116 271 5174 mandata
284 5114 394 5188 legalla,
405 5121 478 5172 ntea
492 5112 525 5170 ad
537 5109 677 5184 Evangelii
687 5109 769 5168 tidem
780 5119 872 5168 trans·
923 5105 968 5164 tim
986 5121 1045 5164 tuae
1061 5107 1207 5165 ibicondit
1221 5124 1239 5165 ι
1254 5109 1444 5180 peccatoribus
1460 5111 1565 5168 malurn
1582 5113 1723 5185 operanti·

78 5205 161 5279 leuet,
177 5210 254 5268 sicot
273 5210 316 5265 eit
333 5207 506 5279 Apostolus:
529 5203 640 5262 Verbum
660 5205 731 5260 enim
750 5221 872 5262 ccmum-
923 5199 986 5268 but,
996 5210 1026 5258 et
1038 5201 1204 5261 reuireeam
1219 5203 1253 5259 ad
1267 5203 1495 5263 illuminationem
1512 5207 1612 5264 mentis
1627 5210 1725 5279 prect-

79 5315 143 5356 umr
154 5303 308 5360 circuiunt
318 5303 345 5357 in
352 5301 534 5374 iniguitatem
545 5297 658 5372 reliqua.
672 5297 704 5356 tii
715 5297 801 5356 debit
811 5298 872 5356 stil-
924 5295 980 5368 pit;
993 5297 1017 5354 ei
1029 5296 1116 5355 Deum
1130 5297 1284 5371 adiutorem
1295 5299 1356 5372 ejne
1370 5301 1508 5374 quispiam
1521 5300 1640 5362 buettner
1649 5319 1724 5378 qute-

78 5391 116 5462 lis,
128 5399 277 5469 partisque
289 5395 386 5468 guttis,
397 5401 511 5451 tonante
522 5391 681 5466 Evangelio,
699 5391 871 5464 pradicatio·
923 5399 1008 5448 reret.

79 5488 113 5544 nis
119 5487 219 5548 Christi
231 5491 340 5548 imbres
349 5489 429 5547 edusi
443 5499 506 5546 sunt
516 5505 597 5561 super
608 5499 721 5546 terram.
735 5487 768 5543 Ει
777 5487 804 5544 lii
818 5488 871 5544 im·
960 5484 1104 5540 denuntiat
1115 5485 1147 5540 de
1163 5501 1195 5540 ec
1211 5486 1295 5541 amico
1312 5502 1371 5556 auc,
1385 5487 1455 5559 cuod
1472 5489 1599 5560 pomereio
1611 5493 1668 5564 ejus
1678 5490 1723 5561 rii,

77 5583 131 5642 bren
145 5587 179 5644 ad
195 5589 291 5645 ittstnr
306 5585 441 5657 gurgitum
457 5598 520 5642 eisc
542 5583 670 5640 dicuntur
687 5598 694 5640 ι
709 5584 754 5653 qui
779 5583 872 5653 titique
926 5585 949 5632 ct
962 5580 996 5632 nd
1008 5595 1068 5633 eum
1077 5578 1158 5651 poerit
1168 5580 1317 5635 nacertderc.
1333 5579 1408 5636 Deus
1424 5581 1485 5637 lucc
1499 5581 1725 5642 rnmiicstationis

77 5689 131 5734 rum
147 5681 173 5736 in
196 5690 306 5737 terram
319 5681 430 5752 copinsc
451 5677 630 5748 descendunt,
656 5673 871 5748 profunditatem
926 5683 983 5726 sum
998 5668 1106 5726 ddelcm
1118 5669 1171 5727 sibi
1184 5671 1302 5727 amicum
1316 5671 1343 5727 in
1364 5672 1449 5730 corde
1465 5673 1545 5731 docet
1557 5683 1585 5730 ct
1604 5676 1726 5735 instruit.

77 5775 99 5830 in
113 5793 142 5833 oc
161 5788 189 5834 ct
202 5775 405 5832 obscuritatem
422 5774 562 5832 continent
578 5772 785 5844 mysteriorum,
812 5785 872 5836 oute
927 5763 1063 5821 Erudicns
1079 5779 1188 5835 quoquc
1200 5767 1344 5822 antruntint
1360 5767 1396 5835 ci,
1412 5768 1486 5839 quod
1500 5769 1547 5824 lux
1560 5770 1618 5827 nire
1637 5769 1682 5827 illa
1694 5771 1726 5829 il·

75 5861 99 5925 in
111 5869 182 5943 Lege
193 5880 223 5927 et
234 5868 379 5944 prophetis
391 5882 438 5943 per
449 5867 587 5942 tiguraset
597 5864 791 5924 similitudines
799 5863 872 5924 dicto
927 5857 1115 5918 luminationis
1124 5859 1223 5934 gratia,
1237 5861 1295 5921 sive
1305 5860 1460 5930 divinorum
1474 5863 1594 5926 charitat
1608 5869 1726 5946 promit·
