4000 6334
232 320 269 383 25
582 339 585 346 ’
796 341 798 346 ·
856 321 886 381 S.
907 317 1046 382 susuutt
1063 320 1256 384 tttsttudtttt
1281 349 1285 352 ·
1838 327 1876 388 bb

234 439 312 496 simae
321 439 440 508 lezabel,
450 440 553 498 idcirco
566 453 652 513 usque
661 439 694 494 ad
706 438 813 496 tertiam
822 415 1071 511 generationem
1117 440 1215 498 curem
1232 452 1318 500 catera
1337 445 1477 518 yeaeratio'
1490 447 1529 503 air
1548 455 1614 504 erat.
1637 445 1747 518 Querat
1760 446 1878 518 diligam

233 535 293 601 ejus
307 534 438 590 memoria
453 533 567 604 tollitur,
582 547 618 590 ne
632 533 660 589 in
677 537 779 589 saneta
791 529 941 588 nativitatis
955 529 1030 590 ordi·
1082 532 1167 592 lectur
1186 544 1215 592 ct
1238 536 1329 593 dicat:
1344 539 1413 596 Cum
1433 538 1535 612 iosepb
1554 555 1609 596 non
1626 541 1664 596 sit
1677 549 1755 612 pater
1768 539 1878 596 bomini

233 643 271 684 rte
285 637 443 698 poneretur.
759 609 774 636 ³
1082 626 1248 697 salvatoris,
1263 633 1315 703 12
1331 632 1397 703 quid
1412 633 1532 702 pertinet
1549 632 1585 690 ad
1604 632 1750 691 bominum
1764 649 1880 706 genera·

273 719 363 792 (Vens.
377 720 411 776 ts
421 717 512 792 seqq.)
527 718 561 775 lit
574 725 633 789 poet
644 716 900 788 trorramiyrotiorrem
913 713 1032 789 satyro·
1083 721 1166 778 tionis
1183 723 1251 780 ordo
1264 725 1396 782 deductus
1410 741 1495 799 usque
1508 726 1544 783 ad
1557 725 1682 796 losepbi
1696 725 1747 782 Cui
1762 743 1878 799 respon·

233 813 286 884 nia,
297 811 439 870 lectoriae
450 813 538 887 yenait
551 809 692 868 Solatlricl.
705 809 929 867 Solatlrielorrtem
940 810 1031 883 pertarit
1083 812 1207 870 dabimus
1230 816 1364 886 primum,
1381 834 1435 876 non
1451 833 1515 876 esse
1527 815 1733 876 consuetudinis
1753 819 1879 891 Scriptu-

234 904 387 962 Zorobobei.
396 903 540 960 zorobabet
549 913 635 958 autem
645 901 732 974 peauit
741 901 838 957 Aliud.
851 901 935 958 Aliud
946 909 1032 957 autem
1083 919 1185 972 aarum,
1200 915 1230 962 ut
1242 907 1387 966 mulierum
1402 909 1430 966 in
1444 913 1667 983 generationibus
1678 916 1747 972 ordo
1757 923 1877 972 texatur.

234 998 325 1072 penult
335 996 676 1052 Eliacirrr.Elr'ocimorrtenr
686 993 1032 1067 percontabantur
1084 999 1187 1058 Deinde
1198 1015 1232 1058 ex
1248 1017 1302 1058 utra
1322 1003 1394 1060 tribu
1407 1003 1491 1064 tuisse
1501 1006 1604 1081 tereph
1621 1019 1651 1067 ιι
1661 1009 1791 1067 samma
1806 1009 1880 1069 uude

238 1089 287 1160 11
302 1088 391 1160 pertuli
405 1085 502 1144 Sados.
519 1085 607 1144 Sados
621 1093 708 1140 aulem
720 1086 809 1158 φιιιιιὶι
822 1084 925 1141 delrirn.
938 1082 1033 1140 Acirim
1083 1107 1119 1150 ex
1131 1092 1204 1164 Lege
1216 1109 1278 1152 eam
1291 1097 1417 1169 accipere
1430 1101 1579 1172 cogemu-
1592 1110 1622 1159 yyy
1635 1103 1834 1176 yyy-opimam,
1850 1111 1880 1162 ey

233 1189 320 1234 auteur
346 1179 433 1252 prurit
446 1177 539 1234 Elird.
565 1177 647 1233 Etiod
674 1185 760 1232 sutem
792 1177 879 1250 satuit
907 1175 1031 1232 Eleum·
1083 1182 1155 1253 quod
1165 1184 1247 1244 simul
1258 1200 1388 1246 censetur
1396 1189 1424 1247 iu
1435 1189 1587 1262 Betbleem,
1600 1204 1632 1251 ut
1643 1194 1679 1252 de
1690 1209 1743 1252 una
1751 1194 1881 1254 ridetteat

233 1267 347 1326 Eleazar
357 1279 444 1324 cartem
457 1269 545 1344 perrari
559 1266 689 1324 11ιιι1ιιιι.
707 1266 830 1323 llattltaa
843 1277 930 1324 auteur
944 1266 1033 1339 perarsit
1083 1277 1170 1348 suppa
1180 1282 1316 1352 30⁰0„sp

233 1358 366 1418 lacessi
375 1359 547 1416 uoluerimus
560 1358 718 1416 lectoriam
733 1358 761 1416 in
772 1357 827 1416 line
835 1358 932 1431 primae
945 1365 1033 1415 tessa-
1119 1367 1186 1426 ειη,
1207 1379 1273 1427 Μ)
1292 1373 1449 1446 ,saponem
1468 1385 1551 1433 mm
1565 1381 1623 1452 ay„
1637 1377 1726 1436 nm.
1740 1388 1752 1421 e
1766 1378 1879 1450 ,yma

233 1450 423 1510 rescedecadis
434 1450 488 1525 [st.
502 1448 727 1525 tesseradecadis]
743 1464 856 1522 ponere,
866 1451 893 1506 in
906 1449 1033 1522 sequenti
1084 1459 1175 1530 Qum
1192 1478 1246 1520 120„
1264 1464 1300 1521 ιο
1317 1466 1435 1538 ,empyrei
1450 1467 1581 1539 virgine,
1597 1469 1646 1527 ,ep
1665 1471 1700 1529 (ys
1712 1470 1878 1542 dmm,

233 1560 289 1601 non
313 1553 394 1602 erunt
419 1542 641 1616 quatuordecim,
661 1542 709 1602 sed
734 1541 881 1602 tredecim.
906 1540 1034 1602 Sciamus
1084 1555 1256 1626 fflncyppuyy
1269 1555 1401 1625 primum,
1415 1570 1445 1616 „y
1460 1575 1508 1630 W
1521 1563 1748 1633 genemyomm,
1762 1563 1879 1635 ymb,

234 1635 327 1710 igitur,
338 1637 497 1696 leoboniam
509 1637 627 1708 priorem
639 1635 726 1707 ipsum
737 1649 799 1694 esse
812 1650 893 1708 quem
906 1647 934 1693 et
945 1645 959 1674 ¹
969 1634 1034 1694 los·
1084 1645 1161 1716 oriyo
1174 1646 1266 1704 stante
1278 1658 1488 1706 monstraretur.
1501 1653 1646 1718 Seorsum,
1666 1671 1701 1711 ne
1713 1654 1882 1727 lapidaretur

234 1733 289 1790 cim
302 1750 308 1788 :
322 1733 473 1790 secundum
488 1739 591 1796 autem,
603 1728 700 1798 lilium,
711 1745 766 1788 uon
781 1738 886 1802 patrem
896 1745 904 1786 ι
915 1744 1032 1803 quorum
1085 1752 1099 1790 a
1112 1736 1214 1794 ludaeis
1225 1749 1255 1795 ut
1266 1738 1512 1813 adultera.'lrrtio,
1525 1753 1556 1800 ut
1569 1745 1597 1800 in
1609 1742 1758 1818 AEyyptom
1773 1745 1882 1820 iuyieas

235 1825 312 1896 prior
325 1839 408 1898 pere
427 1833 454 1882 et
482 1842 525 1892 m,
542 1837 660 1895 sequens
682 1838 730 1895 per
749 1822 782 1878 clr
800 1829 829 1878 et
850 1821 1031 1878 rescribitur:
1047 1835 1072 1897 Β
1086 1828 1201 1886 liaberet
1224 1831 1351 1888 solatium
1371 1829 1386 1870 ‘¹
1409 1835 1509 1891 mariti.
1533 1833 1636 1909 ilartyr
1656 1836 1776 1909 lynadus
1797 1840 1881 1894 etiam

234 1921 308 1993 quod
323 1920 492 1992 ¹scriptorum
513 1919 596 1988 vitio,
617 1927 646 1974 et
665 1915 835 1988 longitudine
856 1923 1031 1988 temporum,
1084 1933 1210 1994 quartam
1220 1924 1457 1993 subterraneam,
1468 1929 1722 2001 curadesponsata
1731 1938 1882 2002 conceptus

235 2015 307 2088 apud
320 2013 432 2072 Grecos
445 2013 613 2082 Latinosque
626 2010 771 2069 cottiarum
785 2018 839 2067 est.
1083 2015 1139 2069 sit:
1162 2024 1193 2070 ut
1214 2027 1327 2088 partus,
1352 2018 1498 2090 inquiens,
1520 2020 1579 2090 ejus
1602 2021 1742 2078 celaretur
1754 2021 1881 2095 diabolo,

272 2104 365 2180 (lere.
383 2104 441 2177 tu.)
452 2102 536 2159 iocor
550 2112 638 2158 autem
653 2101 741 2175 ycauit
752 2099 862 2172 tempi.
875 2098 957 2158 lluc¹²
971 2098 1034 2157 toco
1084 2103 1148 2160 dum
1161 2121 1224 2164 eum
1238 2116 1317 2179 putat
1328 2124 1383 2167 ueu
1398 2110 1433 2168 dc
1443 2111 1572 2185 Virrius,
1587 2114 1636 2172 sed
1650 2114 1685 2173 de
1696 2129 1784 2173 uxore
1794 2129 1881 2189 getre-

236 2197 338 2268 objecit
352 2197 429 2255 nobis
442 2197 569 2252 lulianus
579 2195 718 2268 Augustus
732 2192 928 2251 dissonantiam
945 2191 1034 2248 Eran—
1083 2207 1186 2254 ratum.

237 2291 407 2363 gelistarum,
418 2304 468 2347 cur
478 2287 642 2359 evangelista
654 2285 796 2344 liattbaeus
802 2285 905 2357 losepir
913 2285 1035 2342 dixerint
1119 2290 1264 2364 mapsam
1276 2295 1458 2365 ιιιιιιιιιιιιι,
1471 2296 1574 2353 irrorata
1587 2306 1627 2354 ιιι
1644 2298 1673 2354 irr
1686 2308 1760 2356 atero
1781 2299 1884 2358 Ιιιιιιιι

236 2383 322 2441 1111ιιιιι
337 2373 440 2442 Jacob:
462 2391 490 2441 et
502 2381 590 2439 Lucas
603 2397 666 2439 eum
682 2381 767 2437 iulium
782 2380 929 2453 appellarit
951 2379 1032 2447 ileli3
1084 2383 1732 2458 despirr'toaarrcto.Nonabaiioinrentaestnisi
1742 2393 1882 2464 alosepb,

238 2491 292 2534 aon
308 2475 460 2548 intelligens
482 2473 710 2533 consuetudinem
724 2472 943 2545 scripturarum,
959 2472 1033 2544 quod
1084 2477 1131 2548 (pri
1145 2493 1215 2549 pene
1234 2480 1345 2538 licentia
1360 2483 1478 2540 maritali
1497 2482 1595 2541 luturar
1616 2486 1713 2543 uxoris
1724 2486 1816 2543 omnia
1830 2502 1884 2543 uo·

237 2571 308 2630 alter
319 2569 470 2628 secundum
490 2578 626 2636 naturam,
640 2569 710 2626 alter
728 2567 880 2624 secundum
894 2565 993 2638 Legem
1008 2567 1034 2623 ei
1085 2579 1172 2626 verat.
1186 2571 1266 2638 Quod
1285 2584 1377 2630 autem
1400 2574 1516 2644 dicitur,
1537 2577 1680 2650 Antequam
1695 2580 1884 2638 marcuerat:

237 2677 316 2739 puter
328 2666 374 2722 sit.
387 2664 495 2723 Scimus
508 2665 582 2722 eninr
596 2663 649 2721 boc
667 2677 716 2734 per
728 2661 840 2735 iioysen
857 2661 912 2717 lieo
922 2660 1035 2732 jubente
1086 2674 1140 2717 non
1155 2663 1290 2734 sequitur,
1306 2677 1337 2722 ut
1352 2675 1447 2738 postea
1460 2671 1658 2739 conveneriot;
1679 2671 1729 2730 sed
1742 2671 1884 2746 Scriptura

237 2767 416 2832 preceptum,
429 2769 459 2816 ut
472 2761 495 2814 si
511 2759 595 2815 irater
608 2765 656 2813 aut
669 2757 836 2828 propinquus
851 2756 953 2826 absque
967 2755 1036 2812 libe·
1085 2759 1157 2831 synod
1170 2758 1271 2816 iactum
1286 2775 1341 2818 non
1356 2763 1402 2830 sit,
1415 2763 1548 2820 ostendit.

238 2854 278 2911 ris
302 2862 427 2910 mortuus
448 2852 542 2919 luerit,
566 2851 635 2908 alius
648 2851 708 2921 ejus
729 2849 848 2920 accipiat
863 2863 979 2905 uxorem
998 2847 1034 2905 ad
1121 2852 1213 2926 (iera.
1225 2851 1285 2924 19.)
1298 2853 1399 2925 loreplr
1411 2865 1498 2914 rotem
1512 2859 1551 2913 ιιι
1564 2861 1621 2933 ejas
1634 2874 1695 2914 earrr
1706 2869 1771 2916 erret
1780 2863 1882 2935 jectu,

238 2946 424 3004 suscitandum
446 2960 539 3004 semen
558 2943 651 3001 iratris
663 2943 707 3000 vel
722 2945 867 3015 propinqui
882 2944 923 2998 sui
941 2941 1033 3015 (liert.
1086 2956 1110 3001 er
1124 2947 1205 3003 nollet
1224 2965 1281 3004 eam
1293 2951 1448 3017 trodmere,
1464 2951 1546 3006 soluit
1559 2953 1658 3008 oecalte
1672 2954 1802 3010 dimittere
1813 2971 1882 3010 errrrr.

237 3040 278 3112 ιι).
302 3040 390 3110 Super
410 3039 510 3098 bocci
534 3038 678 3095 Africanus
700 3045 852 3105 temporum
873 3036 992 3108 scriptor
1007 3043 1037 3092 et
1085 3037 1152 3094 litae
1164 3049 1252 3096 ιιιιιιιιι
1264 3056 1295 3096 eo
1308 3043 1631 3116 cogitantemeearryelrrs
1641 3041 1749 3102 domiai
1761 3047 1884 3117 apparuit

240 3134 375 3192 Eusebius
396 3133 572 3190 Caesariensis
584 3131 612 3190 in
626 3129 705 3188 libris
724 3129 862 3205 disperire
881 3130 1034 3204 mammea
1085 3130 1114 3184 iu
1126 3131 1223 3186 romam
1236 3131 1351 3203 loseph,
1368 3133 1466 3191 diceas.
1481 3133 1511 3192 Si
1525 3136 1587 3208 quis
1599 3134 1753 3194 iornicrriae
1767 3136 1885 3208 conjua-

240 3227 348 3300 plsnius
359 3227 542 3297 disputarunt.
1045 3216 1069 3281 C
1085 3221 1168 3293 gitur,
1179 3238 1261 3279 unum
1272 3238 1372 3296 corpus
1382 3223 1500 3284 eittcitur
1511 3225 1535 3301 (1
1544 3225 1604 3285 Cor.
1614 3227 1718 3299 rate).
1730 3229 1763 3285 tir
1772 3229 1800 3285 in
1811 3229 1885 3302 Lege

276 3315 357 3389 (lere
374 3316 430 3388 17.)
450 3316 543 3372 Virum
557 3314 667 3382 itariae,
685 3315 717 3370 rie
733 3330 784 3386 pua
803 3322 881 3370 rotas
894 3321 932 3371 ert
944 3313 1033 3385 teras,
1086 3324 1253 3386 pracceptum
1264 3327 1318 3387 est,
1331 3333 1385 3375 non
1398 3320 1486 3376 solum
1502 3335 1575 3388 reos,
1590 3321 1639 3378 sed
1653 3332 1681 3380 et
1693 3324 1820 3380 conscios
1828 3323 1885 3380 cri-

239 3411 285 3480 aui
298 3417 406 3466 uocatae
420 3408 551 3464 cbristus.
572 3405 639 3464 (ium
653 3407 741 3464 virum
760 3406 895 3472 audieris,
915 3405 1036 3478 suspicio
1084 3406 1188 3463 rninum
1203 3408 1337 3466 obnoxios
1355 3424 1419 3468 esse
1433 3413 1536 3482 peccati
1550 3411 1561 3486 (
1573 3411 1657 3468 berit.
1672 3414 1724 3484 ri:
1745 3414 1884 3485 quomodo

239 3501 289 3556 tibi
304 3515 358 3555 non
374 3499 470 3557 subeat
483 3499 655 3568 nuptiarum;
669 3497 718 3555 sed
736 3497 1037 3556 recordareeonsuetu·
1086 3497 1188 3571 loseph
1201 3514 1262 3556 cum
1275 3500 1380 3557 crimen
1393 3503 1467 3560 celet
1481 3501 1535 3577 [Al.
1546 3502 1659 3578 celaret]
1671 3503 1779 3573 uxone,
1791 3504 1884 3577 y'ustus

239 3591 311 3647 dirris
325 3591 727 3664 scripturarum,quodsponsi
742 3591 805 3668 riri,
821 3601 971 3667 etsponse
984 3608 1034 3651 ro·
1085 3590 1234 3648 scribitur:
1255 3592 1310 3649 Sed
1330 3594 1383 3651 troc
1406 3595 1594 3652 testimouium
1615 3596 1709 3653 biariae
1727 3607 1787 3668 est,
1809 3599 1884 3669 quod

238 3697 337 3742 centur
352 3701 461 3742 uxores.
1085 3681 1187 3756 losepb
1206 3685 1295 3742 sciens
1317 3686 1393 3742 iliius
1413 3691 1585 3758 castitatem,
1609 3701 1636 3745 et
1651 3688 1792 3746 admirans
1809 3691 1885 3762 qood

238 3789 247 3844 t
275 3779 365 3852 (ilcrs.
380 3776 438 3849 18.)
461 3777 496 3834 Ει
516 3795 533 3834 a
552 3778 780 3851 traormtyrorione
795 3776 938 3853 Rabylonis
956 3797 1037 3854 rapae
1090 3785 1230 3845 everreret,
1241 3776 1314 3833 celat
1328 3778 1449 3849 silentio,
1461 3779 1541 3850 cujus
1555 3782 1715 3852 mysterium
1731 3783 1884 3839 nesciebat.

240 3873 276 3928 ad
296 3872 444 3943 Cirriatrtm,
467 3873 644 3946 perorationes
662 3873 865 3945 quatuordecim.
883 3873 1002 3932 Numera
1019 3891 1035 3931 a
1124 3868 1216 3937 (Vere.
1229 3870 1289 3942 2⁰.)
1301 3869 1400 3943 Joaeplr
1413 3871 1453 3943 pii
1466 3871 1552 3926 Dauid
1561 3917 1569 3942 ,
1585 3873 1642 3928 noli
1664 3873 1753 3930 timere
1766 3873 1886 3944 mcipere

240 3965 371 4022 lechonia
387 3979 474 4035 usqrre
491 3965 525 4021 ad
538 3963 640 4035 losepb
650 4005 658 4034 ,
670 3973 699 4022 et
713 3966 834 4022 inuenies
845 3966 1036 4038 generationes
1089 3958 1203 4016 Notium
1214 3971 1226 4000 ‘
1237 3965 1373 4035 coniurent
1383 3971 1466 4018 taam.
1476 3962 1553 4031 Quod
1562 3964 1631 4019 enlm
1644 3965 1673 4020 ia
1686 3965 1736 4039 13
1747 3982 1780 4021 ro
1792 3975 1885 4021 aarum

241 4057 383 4114 tredecim.
402 4057 503 4124 Quarta
525 4056 632 4115 decima
654 4071 720 4130 ergo
742 4059 882 4130 generatio
900 4059 926 4118 in
945 4060 1035 4133 ipsum
1086 4066 1135 4124 ιιι,
1146 4056 1178 4111 tle
1191 4055 1293 4129 Spiritu
1307 4066 1399 4112 sancto
1410 4064 1458 4114 ιιι.
1473 4055 1564 4114 Pariet
1577 4067 1663 4114 cartem
1675 4058 1773 4129 filiam.
1783 4058 1842 4116 lam
1856 4068 1886 4116 ιι

238 4145 377 4206 Cbristum
390 4148 572 4220 reputabitur.
1087 4164 1171 4222 supra
1180 4149 1299 4207 diximus
1307 4163 1423 4222 sponsas
1432 4164 1538 4208 uxores
1546 4150 1883 4225 appellari,quodpleniue

276 4333 486 4392 *liuoPalatim
504 4349 583 4403 mss..
598 4333 749 4392 Secundum
769 4333 983 4394 autemiooclria
998 4336 1032 4406 fi·
1084 4336 1131 4407 qni
1153 4333 1206 4391 boc
1227 4334 1315 4403 ipsam
1339 4334 1524 4391 testimonium
1546 4332 1665 4392 diricani
1682 4334 1730 4393 lib.
1749 4334 1882 4393 rllistor.

238 4410 305 4466 liora
318 4423 369 4462 noa
380 4417 489 4476 patrem,
505 4415 559 4462 etc.
573 4407 683 4476 Recole,
698 4407 769 4478 ouod
784 4418 811 4463 et
824 4415 947 4463 notatum
961 4404 1031 4461 llar-
1083 4421 1144 4477 cap.
1165 4409 1192 4472 ’1,
1211 4406 1319 4462 recitat.
1332 4403 1432 4464 Gonier
1450 4405 1632 4480 Nicephorum
1650 4406 1699 4462 tib.
1715 4421 1739 4475 t,
1755 4421 1817 4479 cap.
1834 4406 1879 4464 11.

239 4483 340 4538 ιὶιιιιιο
354 4486 406 4540 est,
422 4481 510 4547 ipsum
528 4477 721 4547 Hieronymum
738 4477 817 4532 iatius
833 4479 883 4534 irsc
898 4479 932 4534 de
945 4491 975 4531 re
990 4476 1032 4532 di·
1084 4477 1175 4534 Naar.

239 4557 394 4619 sputantem
408 4550 434 4603 in
448 4547 650 4605 Commentario
665 4548 691 4604 in
707 4549 810 4605 Daniel.
827 4563 888 4618 cap.
903 4562 930 4603 r:
947 4545 1033 4602 Neara
1124 4547 1302 4617 erratorem
1313 4548 1423 4605 nomine
1435 4548 1506 4620 quod
1518 4564 1583 4604 mss.
1593 4557 1800 4615 omuestacent,
1810 4563 1884 4606 unus

239 4621 335 4690 inanit,
365 4617 1031 4700 uteteumdemirrliaar'eliaprirreipioeraeloacim,
1084 4619 1261 4676 cisterciens.
1278 4621 1434 4683 substituit,
1452 4619 1585 4688 Queritrrr
1598 4634 1689 4701 prore,
1704 4628 1758 4677 etc.

240 4695 285 4767 qui
298 4693 325 4747 in
339 4637 484 4747 iteritatis
502 4689 610 4746 exordio
621 4691 736 4746 loacbin
750 4690 888 4748 acerbiter:
902 4691 951 4746 iate
965 4673 1073 4744 careal)
1122 4688 1137 4729 d
1151 4691 1250 4745 ilucem
1261 4692 1349 4746 mariti
1363 4691 1487 4761 plerique
1500 4690 1604 4760 uulgari
1614 4690 1677 4745 irbri
1690 4701 1790 4748 tacent.
1805 4690 1884 4748 linas

241 4774 378 4820 extremum
395 4781 406 4817 s
426 4761 524 4817 llalrant
543 4762 606 4817 cbin
629 4761 719 4826 lrolret,
735 4761 779 4814 ille
792 4763 856 4816 citu.
870 4759 906 4815 Et
919 4762 950 4816 olr
965 4760 1032 4814 aare
1087 4777 1140 4819 ms.
1155 4761 1297 4817 Sorburric.
1310 4762 1469 4819 Mattianaeo
1484 4770 1565 4826 teste,
1581 4762 1662 4816 babet
1675 4760 1807 4829 maritale,
1840 4778 1884 4818 ute

241 4836 387 4890 cossamia
424 4829 857 4906 uanpeiiosecrtndomllottlroerrm
869 4831 1034 4886 araridetrrr
1087 4843 1115 4888 et
1141 4833 1197 4902 ipsa
1218 4833 1324 4889 uidetur
1348 4833 1500 4890 abundare.
1518 4831 1805 4904 PseudoTbeopbilus
1820 4777 1887 4889 ‘in-

242 4907 328 4960 deerae
350 4906 502 4976 perrerorio,
525 4904 588 4975 qaia
612 4903 725 4959 seeundo
749 4902 982 4987 eroeepararir'raa
1005 4902 1033 4956 irs
1086 4903 1251 4960 tbioctrettus
1270 4905 1318 4960 lib.
1342 4919 1351 4960 ι
1373 4902 1639 4960 Commentariorum
1669 4905 1695 4958 ia
1722 4903 1883 4974 Evangelia,

241 4975 343 5032 loacirn
362 4975 452 5045 definit
472 4976 527 5041 tilio
544 4973 640 5037 loric.
657 4984 680 5032 ct
695 4975 769 5028 tertia
783 4974 874 5045 inerpit
887 4989 904 5028 o
916 4972 1033 5030 toaeutn
1086 4989 1148 5031 cum
1164 4974 1236 5032 bunc
1248 4990 1283 5032 ex
1298 4974 1463 5046 lileronyrno
1479 4974 1569 5029 locum
1592 4973 1704 5031 totidem
1720 4975 1886 5045 exscripsis-

241 5047 297 5118 filio
314 5045 428 5100 loaeim.
450 5045 525 5113 Quod
546 5047 669 5116 iprrcrorrr
693 5042 855 5117 Porphyrius
876 5043 1034 5100 calomniam
1087 5055 1131 5102 set
1142 5049 1252 5106 verbis.
1266 5046 1315 5101 riri
1328 5054 1419 5102 tamen
1435 5061 1485 5116 pro
1498 5046 1587 5099 mariti
1603 5045 1679 5113 legit.
1696 5047 1807 5102 [ternum
1821 5063 1886 5117 aure

240 5118 317 5172 struit
329 5115 461 5180 Ecclesiae,
474 5131 547 5172 roam
557 5115 693 5172 ostendens
707 5114 873 5188 imperitiam,
884 5115 947 5170 dura
956 5131 1035 5170 eroa-
1088 5132 1121 5173 ert
1129 5117 1160 5173 S.
1172 5115 1273 5186 ignatio
1286 5127 1405 5242 martJre
1414 5126 1513 5188 qrrarta
1524 5115 1731 5183 additurcausa,
1740 5119 1791 5174 sub
1801 5119 1885 5175 linctu

240 5189 338 5260 pelidae
364 5185 482 5242 llotrircei
501 5203 611 5258 nrpoere
634 5188 725 5242 aititur
745 5186 899 5313 ffirtrorem.
918 5185 985 5242 lide
1006 5197 1034 5242 et
1087 5188 1147 5254 ejus
1172 5189 1305 5258 ttptsrote
1331 5203 1345 5243 a

241 5275 302 5331 quae
316 5260 343 5314 in
357 5257 428 5313 lrune
442 5259 532 5314 locum
546 5259 731 5314 observamus.
773 5273 805 5311 aa
820 5257 902 5314 iidem
919 5256 1034 5313 Palatini
1088 5259 1162 5315 lianc
1182 5275 1216 5316 ex
1231 5259 1397 5331 Hieronymo
1413 5260 1568 5330 pericopam
1582 5258 1662 5315 adest
1676 5267 1753 5316 retus
1769 5273 1820 5315 nra.
1836 5276 1887 5316 cu·

242 5345 309 5386 nrss.
324 5333 425 5402 legunt,
440 5330 512 5403 prior
530 5345 575 5402 per
590 5327 615 5384 ll
630 5338 654 5384 et
667 5328 694 5382 ll
711 5373 717 5398 ,
733 5342 841 5401 repuens
854 5343 900 5401 per
912 5325 939 5384 X
953 5335 978 5384 et
993 5326 1032 5394 Ν,
1087 5327 1140 5386 dcx
1159 5330 1271 5401 capituli
1290 5329 1476 5396 Veronensis,
1499 5331 1642 5386 continens
1662 5329 1789 5386 Alcbtrini
1809 5330 1886 5402 (ipu-

242 5401 344 5458 Graecis
360 5400 468 5457 litteris.
1088 5402 1163 5457 sauls
1179 5419 1186 5456 :
1202 5401 1229 5456 ia
1243 5417 1298 5472 quo
1317 5416 1417 5457 rtrrmen
1438 5403 1466 5456 S.
1484 5400 1577 5471 lytratii
1594 5401 1720 5470 blartyris
1739 5403 1884 5472 reticetur,

235 5487 236 5490 ¹
278 5471 417 5528 bRectius
440 5484 523 5544 penes
541 5469 711 5526 liabbanum.
734 5469 811 5526 llunc
829 5471 919 5527 locum
933 5469 1035 5539 objecit
1087 5471 1439 5544 legiturquctantummodo
1454 5470 1590 5538 anrtorrt
1619 5471 1886 5540 retractaverunt

242 5543 452 5598 nobislniisnus
469 5545 603 5612 Augustus
615 5541 649 5596 de
665 5542 835 5598 bissonuntia
850 5541 1036 5614 utaryettsra-
1089 5545 1119 5601 S.
1131 5544 1310 5670 {lieronymus
1321 5544 1410 5613 potius
1418 5543 1576 5615 esdriyene
1611 5542 1721 5599 omilrr
1732 5543 1884 5614 irtbucam,

243 5629 314 5669 rrrm.
331 5615 448 5670 biricani
466 5615 547 5669 rerba
560 5615 697 5668 subnectit
708 5613 855 5668 Rabbanus
866 5627 900 5668 er
913 5613 1036 5686 lipistola
1087 5631 1168 5687 quam
1183 5631 1216 5672 ιι
1243 5615 1333 5682 gnatia
1350 5617 1409 5684 ipso
1422 5615 1554 5669 recitarit.

242 5683 276 5739 ad
296 5683 439 5740 Aristidem
458 5686 492 5741 dc
508 5685 719 5756 Evangelrorum
736 5685 903 5740 dissonantia
919 5701 926 5738 ι
950 5683 1034 5740 lilolria
1124 5697 1136 5725 ⁰
1149 5687 1217 5743 Tres
1230 5687 1345 5743 i’alatin.
1358 5700 1437 5751 ross..
1449 5700 1566 5751 ιιιιιιιι,
1579 5699 1662 5754 quam
1675 5696 1703 5744 et
1716 5685 1745 5743 iu
1758 5685 1887 5751 subnexa

242 5771 302 5826 erpo
329 5756 453 5812 irruuinct.
469 5797 475 5810 .
492 5799 524 5821 .,
555 5757 698 5812 secundam
722 5757 855 5812 ueritatem
880 5764 954 5828 perio
984 5773 1033 5811 arra
1085 5758 1255 5832 expositione
1269 5772 1365 5816 vocent
1379 5755 1492 5815 ilistou.
1509 5757 1620 5830 probat.

241 5825 431 5888 tradiderunt:
457 5843 516 5900 qum
539 5827 686 5906 plurimum
707 5829 814 5886 uariant
836 5828 870 5886 ab
891 5825 1031 5905 docebit),

1390 5187 1523 5258 presios
1551 5199 1698 5258 utcumque
1724 5190 1884 5246 innotescit.
