4000 6334
108 338 148 397 lle
436 334 628 399 annoanlo
648 334 681 393 ΙΝ
701 322 926 404 suesaotttttls
945 330 1159 391 alatlalttlitt
1180 332 1215 391 lit
1234 331 1400 393 t‘satlttis.
1690 336 1743 395 atto

109 450 191 524 prodit.
205 449 314 521 Quippe
324 450 395 509 itanc
410 453 501 508 statim
514 452 646 521 nominat,
662 458 688 507 ul
703 449 859 520 ererrtplum
875 464 890 507 ι
907 448 1020 520 ugione
1036 448 1127 521 aliqua
1152 459 1252 518 sumat,
1266 448 1410 520 preliatum
1437 447 1531 506 stellas
1556 449 1616 521 pari
1642 450 1743 520 ulique

108 546 197 618 luigore
211 544 350 603 radiorum
365 560 517 619 apparere:
533 546 615 617 idnue
628 554 670 601 est
682 543 794 610 indicio,
814 542 850 599 alt
871 556 915 609 ea,
931 541 972 597 ttti
988 556 1038 612 par
1052 552 1214 612 cremonam
1239 540 1378 598 incolebat
1399 541 1459 610 ipse
1480 542 1578 611 suique
1602 543 1744 599 auditores

108 651 173 705 terra,
193 637 227 696 ati
243 640 364 712 reliquas
375 634 453 696 illum
464 639 559 697 muntii
574 636 875 711 plagasargurneutari.
890 634 986 705 Stella,
1004 634 1101 706 ittrpnit,
1121 651 1181 707 prum
1194 635 1295 690 uidetur
1314 636 1342 691 in
1360 634 1509 702 Britannis,
1531 636 1624 709 aiirgtrc
1641 646 1664 692 et
1687 638 1747 709 ipso

106 740 209 805 appares.
224 731 263 788 lle
277 740 379 800 tamen,
394 732 546 802 quistatim
560 730 711 787 occurrerit
727 729 823 795 urenti,
840 726 939 783 llerlam
954 726 1121 800 lruncputes
1134 742 1216 795 esse;
1232 726 1280 785 sed
1295 728 1379 785 alium
1399 728 1490 799 potius
1502 744 1552 798 per
1563 744 1595 785 ea
1610 736 1745 800 tempora,

106 826 208 895 septimo
219 824 441 896 ritielioctatone
454 833 552 882 octaro
568 822 683 893 saeculo,
701 823 846 879 Scottorum
863 820 1002 889 abbatem,
1019 820 1064 892 gui
1076 834 1143 877 sone
1158 819 1261 892 ingenti
1276 830 1342 878 ltttre
1359 837 1475 879 ttotnero
1489 821 1654 879 eruditionis
1665 823 1747 881 lauda

107 915 253 973 iornerunc
266 915 319 973 Per
338 932 382 984 ea,
399 918 519 989 inquam,
532 927 667 990 tempora,
684 932 745 971 nam
759 913 985 971 etocmmcntarii
998 912 1058 985 ejus
1077 913 1229 987 ingenium,
1246 926 1273 973 et
1284 916 1388 972 mentio
1403 916 1594 988 Lugdunensis
1606 917 1745 988 Eucherii,

106 1010 456 1085 ptionedioseculoqninto
467 1013 577 1081 circuit,
592 1012 748 1085 sequiorem
766 1012 844 1068 istarn
858 1018 966 1067 entem
989 1010 1117 1066 clamant.
1132 1010 1239 1067 Possim
1262 1021 1291 1068 ιι
1313 1009 1472 1069 lattdoreea
1488 1012 1522 1069 iis
1536 1014 1693 1084 quempiam
1713 1012 1749 1069 dc

105 1103 212 1169 tamine,
229 1110 259 1159 et
269 1116 330 1158 ettm
346 1104 442 1174 primis
453 1103 482 1161 S.
499 1102 700 1161 Columlnmum
712 1102 840 1159 alrbatcm
856 1100 1068 1169 Luaoriensern,
1085 1100 1113 1157 iu
1128 1100 1258 1157 Hibernia
1273 1100 1419 1159 Scotorum
1442 1104 1529 1189 insola
1543 1114 1653 1174 natum,
1669 1103 1748 1176 cnjus
1854 1144 1866 1155 .

104 1193 126 1251 itt
138 1192 293 1249 universnm
309 1193 474 1251 psalterium
488 1195 712 1261 commentarios,
729 1209 791 1250 cnm
804 1192 893 1250 adlrne
904 1191 998 1264 junior
1011 1202 1097 1257 esset,
1115 1200 1197 1263 atque
1217 1193 1287 1249 otleo
1302 1194 1460 1267 priusquam
1485 1211 1501 1251 o
1520 1194 1660 1253 Britannia
1685 1212 1749 1269 pro·

104 1285 272 1355 liciaceretur,
289 1286 478 1356 elucubratos,
490 1286 660 1361 Sigelrertus,
678 1288 837 1361 littonymns
851 1286 1018 1354 ilelicousis,
1030 1284 1210 1355 Trithemius,
1222 1288 1360 1361 atquealii
1373 1290 1524 1349 calcitrant.
1539 1290 1638 1349 Verum
1652 1292 1687 1349 de
1702 1293 1748 1349 illo

104 1376 263 1435 eritdicendi
280 1376 356 1433 iocus
370 1378 451 1449 paulo
467 1388 539 1449 post,
556 1378 601 1434 obi
612 1388 640 1436 ιι
650 1378 745 1435 inediti
760 1379 1064 1452 commentarii,quem
1086 1394 1122 1436 ea
1142 1382 1203 1451 eius
1226 1382 1357 1439 iiolriensi
1386 1386 1556 1441 rttonasterio
1578 1388 1746 1459 accepimns,

103 1471 207 1541 speeiem
224 1469 398 1527 exhibemus.
418 1470 495 1527 lintre
509 1486 571 1541 otras
582 1470 725 1542 ipsiusmet
735 1470 894 1544 Hieronymi
905 1472 939 1529 dc
951 1486 981 1529 se
999 1472 1167 1539 testitnouia,
1194 1472 1265 1529 istud
1281 1472 1360 1531 alteo
1373 1488 1442 1545 opus
1460 1476 1629 1547 sliunicam,
1649 1478 1745 1549 procle-

102 1564 259 1621 rendasnot.
276 1566 362 1635 itque
375 1563 443 1621 illttd
459 1564 706 1624 luculentissimam
720 1566 792 1636 qnod
806 1566 888 1623 inaltet
900 1566 926 1623 in
946 1576 1030 1639 captui
1043 1568 1121 1625 isaie
1139 1583 1216 1637 urtn,
1239 1584 1321 1641 qtrern
1347 1570 1448 1627 iliarum
1469 1571 1543 1627 circa
1558 1586 1605 1629 ao.
1615 1573 1679 1640 llll,
1695 1572 1749 1629 sair

101 1660 153 1717 rite
163 1674 222 1715 suar
234 1660 432 1733 propemodum
444 1660 525 1717 linem
540 1662 704 1733 composuit,
718 1661 763 1717 oiri
778 1676 839 1717 cnm
850 1660 1117 1718 del’raltnisoctaro
1126 1673 1208 1733 atone
1222 1664 1391 1736 octogesimo
1406 1665 1487 1720 tertio
1496 1680 1535 1722 ιιι
1544 1679 1588 1722 mo
1597 1666 1748 1734 itrcirlisset,

102 1753 191 1812 teillos
204 1753 307 1811 latetur
321 1754 492 1825 apertissime
508 1752 629 1810 nondum
643 1751 814 1826 exposuisse.
831 1751 865 1809 in
877 1754 982 1822 lenam,
993 1754 1093 1827 inquit,
1109 1764 1211 1824 portem
1231 1755 1382 1809 scribuntur
1396 1758 1491 1827 psalmi
1501 1772 1548 1829 pro
1559 1758 1744 1825 torcularibus,

103 1854 202 1915 oristas,
214 1854 240 1901 et
252 1846 422 1919 octogesimus
436 1845 528 1899 tertius
538 1860 547 1900 :
559 1843 797 1917 requiemnon
812 1844 886 1913 locis,
902 1844 925 1899 si
937 1844 988 1899 oitn
999 1860 1083 1899 comes
1095 1844 1185 1917 drmit,
1203 1842 1316 1900 Domino
1328 1860 1375 1916 pro
1383 1844 1468 1913 iente,
1479 1845 1589 1901 dicetur.
1601 1846 1747 1920 liciiquntn

100 1940 150 1997 tite
163 1940 224 2011 ejus
241 1947 349 2011 tempos
364 1939 500 1997 decennio
521 1940 581 2009 plus
593 1936 883 1995 mimtseonclrnlitur:
900 1938 993 2011 sieque
1015 1941 1060 1995 rix
1082 1940 1167 2011 potnit
1184 1942 1261 2011 operi
1285 1942 1439 2013 propltetali
1461 1958 1618 2015 supremam
1639 1962 1748 2004 ιιιιιιιιιιι

19 2052 20 2055 ’
101 2034 319 2104 imponerentur
335 2032 495 2097 larentiam,
513 2034 558 2103 qui
576 2032 696 2103 reliquus
712 2040 782 2101 erat,
808 2033 1034 2101 commentarios,
1059 2041 1150 2089 morte
1174 2032 1372 2103 intercedente,
1388 2034 1531 2107 reliquerit
1560 2038 1738 2111 imperfectos

100 2124 224 2185 liuerero
238 2127 413 2199 palmarium,
426 2124 499 2197 quod
520 2141 580 2181 cnrn
610 2125 698 2197 ipsunt
715 2124 863 2183 ieremiatn
881 2134 1045 2199 exponeret,
1061 2126 1095 2183 ati
1109 2138 1192 2199 eaput
1212 2130 1363 2185 secondum
1386 2130 1477 2188 simile
1503 2133 1568 2203 quid
1591 2134 1748 2208 polluatur,
1839 2117 1847 2131 ⁰

100 2220 294 2289 lareridclioet,
311 2229 341 2278 ιιι
361 2220 469 2292 plenius
478 2218 512 2275 de
526 2216 627 2289 Portis,
645 2235 706 2291 qaae
722 2219 749 2275 in
771 2218 903 2277 vicesimo
932 2221 1014 2278 tertio
1040 2223 1147 2293 psalmo
1161 2232 1362 2291 rnernorantur,
1381 2239 1432 2280 stro
1456 2224 1518 2282 inco
1533 2228 1663 2285 «limeret.
1680 2232 1750 2289 iltoc
1775 2253 1780 2265 ,

100 2317 160 2375 enim
170 2326 342 2389 compertum
354 2324 487 2389 estquanr
500 2315 571 2387 qttod
588 2316 717 2382 maxime,
733 2331 786 2372 noo
802 2312 886 2373 luisse
896 2314 931 2373 alr
946 2314 1116 2389 ilioronymo
1128 2314 1195 2372 illud
1210 2317 1302 2389 operis
1318 2317 1475 2386 conditum,
1495 2321 1573 2389 cujus
1588 2334 1681 2395 partes
1699 2326 1748 2383 ali·

100 2425 165 2483 grtes,
182 2424 282 2481 casque
295 2418 527 2481 nonpostrernas,
542 2424 592 2465 nee
604 2408 688 2465 certis
699 2408 735 2464 cle
746 2408 927 2465 causisamea
948 2408 1157 2478 pretermissas,
1186 2426 1236 2467 nec
1249 2412 1342 2485 atiquo
1354 2415 1425 2474 inter
1453 2432 1485 2475 se
1503 2414 1613 2486 junctas
1640 2419 1749 2490 ordine,

19 2538 20 2545 ι
101 2504 143 2561 tolt
155 2504 244 2577 ipsum
260 2504 323 2560 ritae
334 2504 437 2559 eritnrn
453 2502 535 2558 tradit
548 2502 616 2574 ipse,
634 2517 688 2557 ιιοιι
704 2500 755 2557 nisi
770 2504 942 2573 propositum
958 2502 1089 2562 tabuisse
1102 2503 1195 2561 animo
1209 2506 1382 2566 elucubrare.

129 2596 308 2655 Nihiloseeios
322 2598 373 2651 alia
390 2612 444 2652 ιιοιι
457 2594 636 2652 imbecillium
653 2604 813 2667 nrgnmenta
829 2593 1007 2665 persuadent,
1024 2594 1097 2666 quod
1116 2593 1195 2652 initio
1210 2601 1414 2670 proposuimus,
1431 2618 1463 2659 er
1485 2606 1541 2661 rori
1555 2622 1629 2677 carpe
1650 2606 1735 2663 Hiero

101 2692 165 2765 upmi
176 2692 273 2765 pannis
285 2691 442 2747 uniuersum
460 2688 544 2745 lrrtccc
559 2686 633 2757 Opus
645 2686 783 2759 componi.
796 2684 825 2743 id
838 2688 911 2743 scire
927 2700 976 2758 per
991 2700 1021 2743 se
1036 2688 1097 2758 quis
1114 2691 1224 2759 polerit,
1242 2688 1266 2746 si
1281 2707 1341 2761 qua
1354 2694 1470 2763 sparsim
1492 2695 1552 2751 loca
1576 2697 1747 2755 l'snlmorunt

101 2782 126 2841 S.
138 2784 213 2842 later
225 2794 269 2841 est
282 2784 492 2856 interpretatus,
504 2798 565 2854 qttm
581 2779 726 2837 maximam
751 2788 856 2850 parient
873 2781 899 2835 in
921 2780 1135 2852 amittaenjusque
1157 2784 1223 2839 lomi
1239 2782 1331 2841 iudice
1349 2787 1529 2859 colliguntur,
1545 2793 1672 2850 conlerat
1690 2810 1752 2849 cum

101 2879 223 2937 Breviorii
240 2880 320 2946 locis,
335 2877 571 2951 notetqnelongas
582 2874 722 2947 parodias,
739 2887 772 2930 ac
785 2889 858 2947 saepe
872 2871 971 2930 nedum
987 2877 1153 2946 senitentias,
1168 2876 1216 2934 scd
1227 2886 1256 2933 et
1267 2879 1348 2935 rcrlra
1364 2880 1460 2939 eadem
1481 2884 1679 2956 deprehendat.
1697 2888 1751 2944 Par

102 2990 200 3047 postque
213 2970 373 3045 inopinari,
389 2980 516 3026 tractatus
531 2968 593 3025 iilos
606 2976 702 3038 septam
712 2967 739 3021 in
752 2964 873 3022 Prolatos
884 2982 900 3020 o
911 2964 1011 3021 decimo
1023 2982 1103 3039 argee
1117 2967 1151 3023 cd
1166 2970 1294 3026 decimum
1307 2981 1422 3043 ιιιιιιιιι,
1434 2990 1504 3045 quos
1524 2976 1550 3031 io
1566 2992 1678 3035 strarant
1693 2978 1752 3035 elu-

19 3052 20 3057 ’
102 3067 284 3125 coirotionum
300 3078 414 3121 censum
425 3062 523 3135 recipit
537 3061 596 3131 ipse
608 3059 635 3116 in
652 3058 786 3131 catalogo,
797 3057 903 3130 jamdiu
917 3074 984 3116 vero
999 3058 1182 3130 intercidisse,
1199 3062 1270 3135 quod
1283 3079 1410 3123 seorsum
1421 3078 1552 3139 certaque
1562 3074 1755 3143 germanitatis

103 3172 158 3219 nota
171 3162 293 3218 distincti
307 3174 362 3217 uon
374 3158 538 3223 habeantur,
564 3155 749 3213 existimatum
772 3158 825 3223 est,
856 3154 901 3209 iric
924 3151 1104 3225 interiectos:
1127 3154 1208 3229 idque
1235 3156 1323 3230 ipsum
1346 3160 1512 3221 exornandis
1533 3174 1562 3221 ιι
1585 3166 1612 3222 in
1637 3177 1755 3225 emturns

102 3256 212 3330 psalmos
231 3252 441 3311 commentariis
464 3265 558 3306 ansam
584 3248 707 3305 studioso
725 3246 901 3320 compilatori
926 3248 1090 3319 praebuisse.
1106 3250 1174 3321 Quae
1199 3261 1334 3330 praeterea
1359 3264 1469 3313 veteres
1490 3272 1523 3315 er
1545 3257 1711 3333 llieronymo
1728 3260 1755 3317 in

101 3348 227 3422 psalmum
243 3346 318 3405 htroc
337 3347 379 3402 rel
394 3345 469 3401 illum
482 3342 606 3412 laudant,
622 3340 914 3415 describuntquelnco,
925 3350 1044 3413 suntque
1058 3341 1103 3401 illa
1115 3344 1231 3403 totidem
1247 3346 1275 3405 in
1287 3346 1429 3407 Breriario
1441 3350 1494 3408 iroc
1505 3351 1598 3411 uerbis
1613 3364 1756 3428 concepta,

106 3438 173 3497 hand
187 3438 296 3511 quidem
310 3436 392 3494 iacile
407 3436 459 3491 alia
474 3435 595 3505 excipias
609 3434 727 3501 ratione,
743 3448 824 3505 quarn
839 3433 861 3487 si
874 3430 1037 3502 rpuibusdam
1051 3437 1302 3506 assumendorum
1318 3456 1414 3498 resera
1428 3460 1444 3500 e
1458 3444 1488 3499 S.
1504 3442 1632 3503 iioetoris
1649 3448 1757 3504 calamo

105 3534 219 3608 prolecta
232 3544 309 3602 sum,
323 3528 588 3605 pseudepigraphum
602 3528 702 3585 lilrrum
716 3527 875 3598 interpolari
894 3544 942 3601 pro
957 3539 1033 3587 certo
1048 3528 1160 3587 habeas.
1175 3532 1316 3593 Lauiniam
1334 3553 1368 3596 er
1384 3542 1555 3614 nonagesimi
1571 3543 1644 3599 tertii
1660 3544 1758 3616 psalmi

108 3630 276 3687 enarratione
287 3628 387 3686 recitat
398 3626 476 3681 testis
487 3624 609 3682 omnium
623 3620 870 3693 locupletissimus,
886 3622 1015 3695 aetatique
1026 3623 1186 3697 ilieronymi
1205 3628 1348 3701 supparS.
1365 3634 1535 3704 Augustinus
1559 3634 1586 3689 in
1601 3632 1761 3693 Commoni-

106 3724 174 3779 torio
191 3721 473 3789 coronariorum,
490 3716 547 3773 sire
572 3718 653 3787 epist.
672 3713 737 3782 tlt,
757 3725 850 3772 cortus
873 3715 988 3773 adeode
1009 3716 1231 3790 liieronpnrianae
1254 3724 1412 3794 scriptionis
1435 3728 1631 3798 germanitate,
1645 3738 1676 3785 ιιι
1692 3730 1762 3789 lraoc

106 3818 236 3890 praecipue
251 3816 318 3871 tanti
331 3812 451 3871 nominis
465 3810 654 3867 anctoritatem
665 3820 758 3866 contra
775 3808 948 3867 adversarios
963 3822 1071 3883 urgeat.
1096 3812 1138 3869 Νι
1161 3818 1256 3884 multo,
1273 3818 1372 3891 inquit,
1388 3822 1625 3889 corrcmcmorcnrlc,
1646 3824 1760 3891 moiorcs

107 3924 189 3964 moros
202 3909 308 3979 lurion,
324 3906 373 3961 itoc
393 3921 474 3961 norm
487 3902 517 3960 S.
531 3900 686 3975 Hieronymi
699 3903 846 3973 imcrpone.
860 3902 893 3958 Et
907 3917 981 3971 mox,
997 3904 1064 3960 Germ
1076 3922 1137 3981 erpo
1150 3908 1195 3962 illc
1206 3910 1244 3965 eir
1257 3911 1285 3965 t'tt
1299 3910 1443 3985 scripturis
1454 3916 1619 3972 doctissimos
1631 3919 1761 3990 psalmam

108 4002 306 4075 expensurum
322 3999 472 4057 dictumest
487 4014 495 4053 .·
509 3994 734 4068 inteiligiteergo
758 3996 805 4067 qui
828 3994 992 4067 insipientes
1008 3999 1076 4053 estis
1095 3999 1122 4055 in
1147 4004 1258 4073 populo,
1281 4015 1309 4059 et
1337 4005 1413 4063 stulti
1434 4006 1581 4080 aliquando
1600 4010 1699 4081 sapite,
1714 4028 1762 4091 gog

110 4094 238 4167 plantaria
251 4106 357 4157 aurem,
373 4106 425 4147 troo
440 4088 541 4159 audiet,
554 4096 602 4145 aut
612 4089 658 4159 qui
671 4086 749 4144 linxit
759 4088 880 4157 oculum,
893 4104 945 4145 nen
960 4088 1139 4149 considerat:
1156 4094 1224 4151 inter
1234 4104 1338 4155 cetero
1357 4097 1412 4156 istc
1429 4100 1514 4175 locor,
1525 4102 1621 4175 inquit,
1638 4104 1763 4163 adsersus

111 4204 152 4244 eor
163 4191 270 4246 aurine
280 4188 356 4261 facit,
369 4186 414 4257 qai
427 4181 700 4254 Antiropentorplritm
714 4190 774 4236 satta
787 4198 796 4239 :
809 4181 854 4253 ιιιιΙ
864 4180 957 4237 dicunt
967 4181 1052 4237 licum
1067 4184 1161 4241 haime
1176 4187 1457 4263 murmurosorum
1471 4210 1519 4249 nos
1534 4194 1671 4251 habentus.
1686 4194 1764 4272 Verig

112 4284 203 4356 gratio,
216 4282 314 4339 dicitur
326 4278 395 4335 Dras
406 4276 500 4334 lolem
511 4274 620 4331 accior:
642 4274 719 4331 Oculi
734 4272 991 4349 Dosdmrssplciunt
1001 4278 1110 4333 oatat'o:
1124 4296 1217 4337 ιιιιιιιι
1230 4284 1293 4353 gaio
1305 4284 1367 4357 fecit
1382 4288 1482 4344 ortrnio.
1495 4288 1530 4345 lit
1540 4288 1655 4359 audirit,
1667 4291 1762 4364 inerit,

111 4381 193 4437 Adam
207 4396 303 4440 sontnn
316 4379 414 4450 pedum
430 4374 539 4432 liemini
552 4373 754 4432 deambulantis
768 4374 795 4429 in
810 4373 950 4446 paradiso.
975 4372 1038 4431 [ιιι
1059 4374 1214 4449 simpliciter
1225 4378 1348 4448 audiant,
1359 4390 1384 4435 ιι
1395 4380 1522 4441 nemarcos
1532 4384 1765 4441 imiecc'liitotcsod

112 4475 161 4531 liri
173 4476 389 4551 magnificentiam
400 4478 526 4547 referunt.
541 4473 597 4546 Ego
614 4480 702 4526 aetem
712 4470 771 4526 dico
782 4470 853 4539 guod
862 4468 935 4525 Dens
945 4476 1014 4527 talos
1024 4471 1116 4528 acsias
1125 4480 1163 4529 ιιι
1175 4490 1185 4529 .·
1199 4480 1268 4530 totos
1287 4491 1382 4531 mattas
1392 4486 1429 4533 ιιι
1439 4493 1449 4533 .·
1460 4486 1530 4536 totns
1555 4496 1598 4549 pes
1620 4488 1666 4535 ιιι.
1681 4476 1763 4538 Totus
1820 4483 1823 4490 '

114 4572 198 4627 oculus
209 4582 258 4641 ιιι,
267 4572 330 4644 quic
345 4572 435 4625 omnio
448 4566 528 4625 ct'det.
540 4566 623 4624 Totas
636 4582 728 4622 monus
740 4572 786 4632 ιιι,
801 4564 865 4637 gaio
876 4562 963 4621 omnio
974 4579 1109 4638 operatur.
1120 4564 1204 4623 Totas
1214 4579 1313 4640 ριιιιι,
1325 4570 1387 4640 poio
1398 4572 1492 4644 ulique
1505 4583 1553 4631 ιιι.
1567 4572 1620 4641 Qui
1632 4573 1767 4642 plantavit

113 4677 213 4733 aorem,
231 4682 286 4723 ιιοιι
304 4663 406 4731 andiei,
424 4671 453 4720 ιι
466 4662 514 4734 qui
527 4662 605 4717 linxit
615 4661 721 4727 erttlos,
739 4674 791 4714 non
806 4656 972 4715 considerat.
990 4658 1053 4715 ileo
1071 4659 1191 4733 dicilipei
1205 4661 1334 4734 pleniorii
1348 4680 1449 4731 curem,
1461 4680 1523 4739 ergo
1535 4666 1589 4738 ipsc
1600 4680 1688 4720 aerem
1702 4666 1765 4737 {noo

117 4758 195 4817 dalet.
206 4758 266 4815 Nun
276 4758 355 4824 dicit,
367 4774 427 4831 erpo
441 4758 497 4829 ipre
511 4756 599 4811 oculos
611 4751 760 4809 coniciet.
774 4750 828 4809 Sed
837 4750 903 4807 dicct
915 4766 924 4807 :
936 4752 986 4819 Qui
1001 4752 1137 4823 plantaria
1150 4768 1256 4827 aorem,
1271 4769 1325 4811 non
1336 4753 1440 4821 audiet,
1453 4766 1482 4813 et
1495 4758 1540 4828 qni
1564 4758 1642 4814 iltrnit
1655 4758 1762 4829 oculos,

116 4864 166 4907 oon
179 4852 345 4910 considerat.
359 4848 476 4905 llemiro
492 4848 563 4916 tulit,
577 4846 730 4918 efficientias
744 4843 826 4900 dedit.
843 4844 905 4901 lime
918 4846 1059 4903 enimvero
1073 4860 1129 4903 aon
1148 4847 1213 4903 aiibi
1233 4848 1306 4920 apud
1329 4850 1542 4925 Hieronymum,
1565 4868 1647 4925 qnam
1662 4853 1689 4908 io
1714 4852 1767 4909 lroc

116 4943 172 5016 ipsc
183 4958 325 5019 perperam
341 4941 380 5001 iili
402 4939 521 5013 ascripto
535 4940 828 4999 Breriarloinrenias:
843 4938 889 4996 ulti
917 4941 952 4998 ad
977 4956 1040 4997 eum
1063 4940 1163 5014 psalmi
1184 4945 1357 5016 octuagesimi
1384 4945 1456 5003 tertii
1479 4946 1569 5004 locum
1590 4948 1631 5004 sie
1653 4945 1768 5003 totidem

118 5036 245 5111 descripta
261 5036 477 5105 sumrerlris,ot
487 5036 521 5092 alt
534 5034 584 5093 illo
600 5030 797 5105 propemodum
812 5032 962 5103 arelretppo
973 5042 1086 5103 accepta
1098 5032 1253 5091 rideantur.
1267 5035 1334 5104 Quas
1353 5037 1463 5093 tametsi
1487 5038 1569 5093 nolis
1590 5040 1618 5093 in
1642 5036 1768 5109 generali

118 5130 271 5200 prelatione
282 5132 341 5187 risa
356 5142 420 5189 sunt
431 5146 484 5188 non
496 5146 528 5188 ιι
541 5128 740 5186 commentario
767 5126 894 5200 qrtopiam
916 5125 943 5182 in
963 5126 1095 5199 psalmos,
1116 5128 1166 5185 seri
1184 5142 1217 5185 ex
1230 5144 1282 5185 rma
1298 5130 1388 5201 aliqua
1412 5130 1442 5189 S.
1465 5130 1590 5188 lioctoris
1604 5133 1718 5203 epistula
1734 5148 1768 5190 ιι

54 5228 61 5241 ·
119 5222 153 5281 iis
165 5228 440 5302 melurercidomnt,
451 5226 596 5293 desumpta
610 5240 617 5278 ι
632 5222 844 5293 llierongmiana
861 5230 951 5276 taurea
965 5232 1091 5277 essenon
1108 5218 1304 5289 dubitavimus,
1323 5222 1477 5295 Augustino
1491 5238 1541 5295 pro
1552 5238 1648 5280 eornm
1664 5240 1771 5296 garrica-

121 5319 201 5380 nitate
212 5324 388 5395 fidejubente.
405 5322 493 5378 Porro
504 5320 556 5375 alia
571 5325 646 5387 suni,
658 5332 719 5388 quse
730 5315 863 5372 Servatus
878 5312 971 5387 impos
988 5314 1015 5370 ln
1029 5312 1194 5371 Collectoneo
1211 5316 1244 5373 ric
1262 5316 1343 5373 tribas
1357 5316 1549 5384 Questimriiar
1570 5330 1604 5373 ex
1617 5317 1773 5388 lnoctttpotc

123 5412 275 5487 llieroaymi
287 5416 433 5475 Breviarie
446 5414 550 5483 iaudat,
564 5421 594 5468 ut
606 5420 649 5468 ost
659 5409 726 5466 illud
742 5409 769 5465 irc
781 5406 967 5479 esplonmmoc
978 5407 1059 5481 primi
1071 5406 1177 5481 psalmi,
1189 5407 1262 5481 qood
1275 5424 1326 5467 sno
1339 5410 1402 5466 loco
1412 5410 1601 5481 expendemus
1618 5429 1625 5465 ι
1646 5412 1700 5466 alia
1713 5427 1773 5484 qum

124 5506 152 5564 S.
167 5509 311 5584 Gregorius
325 5508 369 5565 llt
384 5510 467 5581 (hcine
482 5510 555 5565 enim
565 5521 661 5562 rerum
677 5519 737 5561 esse
748 5502 939 5559 commentarii
953 5499 982 5558 itt
995 5501 1118 5574 psalmes
1138 5504 1346 5575 paenitentiales
1366 5513 1506 5563 auctorum
1522 5527 1528 5562 :
1554 5520 1607 5561 nott
1631 5505 1674 5562 etti
1693 5509 1777 5578 vulgo

127 5598 297 5671 tribuimus.
310 5602 473 5673 Gregorium
487 5600 630 5673 Magnum,
647 5597 759 5670 propior
783 5596 818 5653 ad
840 5592 921 5653 iidem
949 5594 1087 5653 sententia
1111 5594 1170 5668 ιιι)
1189 5613 1206 5654 ι
1234 5598 1331 5669 psalmi
1351 5599 1571 5671 quinquagesimi
1591 5600 1727 5656 rcrsiculo
1743 5600 1776 5657 tt

129 5696 293 5764 expositione
307 5694 447 5763 deserilrit,
464 5702 630 5764 acceptaque
643 5690 728 5747 relect
741 5689 910 5761 liieronpmo
924 5702 931 5740 t
946 5700 1009 5759 gnte
1031 5684 1145 5759 quidem
1160 5690 1204 5745 sitr
1226 5691 1318 5747 minos
1332 5690 1366 5747 ad
1390 5692 1509 5747 universi
1529 5690 1637 5762 Operis,
1651 5700 1727 5749 certo
1741 5694 1775 5749 ari

130 5797 307 5859 eorumquae
322 5790 438 5846 recitant
452 5786 650 5844 sententiarum
663 5784 820 5862 pmordrare
834 5782 1023 5853 astrueodam,
1045 5783 1193 5855 plurimam
1213 5786 1344 5843 moerenti
1356 5784 1471 5855 habent,
1493 5794 1640 5859 notantrpue
1667 5786 1777 5858 insuper

133 5888 209 5947 qoam
220 5880 299 5953 longo
308 5882 342 5939 ab
356 5881 419 5939 ltine
430 5881 593 5941 soculorum
608 5877 761 5950 intervallo,
774 5892 824 5949 pro
833 5876 1056 5951 illerengteiartla
1068 5876 1123 5934 sint
1137 5876 1239 5937 ιιιιιιιι.
