4000 6334
133 307 184 368 co
524 301 771 365 cossmusm
789 304 822 365 tu
842 303 971 368 trunurt
989 305 1060 364 tus.
1081 305 1160 366 cru.
1182 303 1325 370 atauus.
1523 287 1530 298 ’
1711 313 1764 372 seo

138 422 194 482 iliud
207 419 276 494 quod
294 419 433 492 sequitur,
457 419 515 478 beo
531 419 657 490 dicente,
673 420 751 492 pcsul
765 426 870 478 vectem
883 429 911 476 et
922 423 950 491 Α
963 435 1073 492 quoque
1089 419 1262 478 laidelitstis
1277 420 1413 488 obstrusi,
1429 429 1459 484 ut
1473 421 1646 492 quantalibet
1659 432 1764 498 tempe-

137 517 205 574 ostia.
223 514 322 581 Aliter,
336 513 400 585 quis
414 513 551 572 conclusit
561 513 643 572 ostiis
655 514 750 572 marei
777 513 913 574 Seruium
966 523 1068 572 statum
1082 531 1115 574 sc
1127 517 1346 587 persecutionum
1358 516 1500 585 uiolentia,
1514 517 1622 578 deliros
1631 519 1766 580 obedieu-

137 609 182 666 luc
201 607 343 678 Scripturtc
363 605 465 665 diuinas
486 605 646 680 frequentor
662 622 738 664 marc
760 606 911 678 appellant,
967 607 1014 664 tias
1045 608 1148 666 limites
1171 609 1369 668 transcendere
1387 610 1580 682 mmpeltatro.
1608 611 1762 686 Numquam

135 710 160 760 ot
177 702 251 760 crisci
264 709 376 759 marcisa
391 699 475 758 Dauid
490 700 549 758 ait:
565 700 625 758 llos
643 718 714 758 orosa
729 717 874 774 romaum,
889 710 913 758 st
965 700 1110 760 ebaritatis
1133 718 1203 760 mere
1231 704 1417 775 circumsepta
1439 707 1592 772 transiliat,
1616 709 1664 765 cui
1687 709 1763 766 disi:

133 796 260 868 spetiosum
280 793 412 850 mrbus.
437 793 524 852 item:
546 793 598 864 Qui
612 794 771 855 domuum
792 811 863 852 mere
885 795 913 850 io
963 794 1113 867 llucusqss
1135 800 1250 866 vesties,
1265 807 1295 856 et
1315 814 1370 858 aon
1382 801 1517 870 procedes
1531 802 1660 873 amplius,
1674 814 1704 862 ct
1718 803 1762 861 bic

134 887 234 944 mribus.
261 885 294 942 bt
306 886 433 946 tincae:
450 885 548 944 dirimi
567 889 594 944 in
608 904 681 946 mors
692 905 771 961 eques
783 898 852 948 tuor.
879 888 914 946 Et
963 889 1122 960 cuulringes
1136 899 1274 948 turusotcs
1286 889 1389 948 ductus
1403 903 1475 949 tuos.
1491 891 1521 950 ld
1534 903 1588 961 est,
1601 894 1681 966 siqui
1692 897 1762 954 iorte

133 980 223 1038 isaias:
246 976 349 1035 Occidit
367 989 452 1036 cetum
472 981 517 1053 qui
538 980 565 1036 iu
580 983 710 1038 morieri-
725 979 845 1040 Proinde
861 980 914 1038 bec
955 981 1161 1056 cooptationem
1185 987 1318 1042 malarum
1342 987 1493 1063 ducissae
1514 989 1586 1048 ictrs
1600 989 1764 1064 pelagustoi

131 1088 197 1130 mus
213 1074 354 1144 praecptis
368 1073 488 1142 diuisis,
507 1074 582 1132 sclut
601 1075 763 1144 quibusdam
779 1074 913 1135 limitibus
962 1076 1055 1134 cordis
1078 1077 1230 1150 exagitant,
1241 1086 1396 1152 aestusque
1411 1079 1517 1140 ualidus
1532 1097 1722 1154 pressurarum
1736 1092 1763 1140 tc

131 1183 256 1226 sacrorum
269 1167 446 1240 eloquiorum
460 1169 644 1242 concluditur,
663 1179 692 1226 ut
705 1171 740 1228 dc
756 1179 833 1226 utero
851 1185 913 1226 ccr-
963 1167 1089 1236 funditus
1110 1185 1288 1232 commorere
1316 1180 1475 1244 peremtas,
1497 1173 1532 1232 ds
1554 1185 1629 1232 statu
1650 1190 1761 1249 quoquc

130 1261 166 1320 dis
181 1260 237 1326 sui.
258 1261 303 1317 ubi
326 1261 541 1334 cogitationibus
563 1263 640 1320 uelut
652 1277 687 1322 er
698 1265 817 1328 mariue,
830 1277 911 1320 curua
964 1271 1010 1316 tuo
1025 1263 1054 1320 iu
1066 1262 1172 1322 midam
1185 1263 1352 1336 siccitatem,
1364 1266 1439 1323 uelut
1451 1267 1481 1324 ia
1493 1282 1576 1325 srersa
1588 1269 1699 1325 steriles
1711 1271 1761 1324 iot·

129 1362 198 1426 atque
211 1353 355 1412 illecebris
368 1354 521 1414 rtruudialcs
533 1358 719 1430 uoluptatum.
731 1355 912 1414 delectatione
963 1353 1058 1426 pellat
1079 1355 1145 1414 llaec
1157 1357 1327 1416 munimenta
1340 1357 1402 1416 bdei
1417 1369 1446 1416 et
1458 1360 1604 1420 currimus
1613 1378 1682 1420 sutem
1694 1377 1762 1420 cane

129 1447 306 1519 concipiebat,
325 1447 382 1522 jain
405 1462 460 1506 non
487 1449 513 1506 in
539 1464 609 1522 opus
632 1449 709 1522 quasi
730 1449 911 1522 parturiendo
962 1463 997 1506 rra
1010 1460 1135 1510 trasceas
1147 1467 1155 1509 t
1168 1460 1199 1509 ct
1211 1452 1251 1508 ita
1263 1451 1330 1522 iet,
1345 1453 1511 1513 utrrsiuaccs
1525 1454 1601 1517 scoti
1616 1457 1761 1530 insurgen-

128 1549 291 1612 erumperet,
314 1557 400 1614 seque
423 1540 581 1602 eiluarleret
601 1543 630 1605 in
652 1542 761 1602 diuersa
786 1543 909 1601 incircum
963 1542 1088 1600 tesallisi
1103 1544 1130 1600 io
1147 1555 1225 1616 petra
1239 1546 1406 1606 ualidissima
1420 1547 1616 1606 dissoluantur.

128 1632 310 1705 perpetranda;
333 1643 362 1692 et
384 1633 449 1694 ideo
469 1651 532 1694 eum
553 1635 665 1695 uidisset
683 1635 817 1710 propbeta
829 1653 910 1694 murt-
998 1635 1137 1708 Nusuquid
1157 1650 1215 1714 post
1234 1651 1322 1700 ortum
1336 1654 1410 1700 tuum
1424 1646 1572 1717 prorupisti
1589 1646 1723 1715 diluculo,
1737 1658 1761 1703 et

126 1729 180 1786 duur
191 1730 347 1788 credentem
362 1730 437 1798 Deo,
458 1731 512 1788 boc
530 1730 632 1788 burrum
648 1730 675 1788 in
690 1745 720 1788 se
734 1732 911 1788 contritionum
960 1731 1101 1788 ostendisti
1116 1750 1220 1792 curortc
1238 1736 1324 1792 locum
1341 1754 1431 1795 suurn.
1452 1739 1511 1810 lloc
1526 1739 1661 1801 bertuinus
1674 1742 1712 1798 uit
1725 1743 1759 1798 ad

126 1825 271 1896 possidere,
295 1825 439 1900 gratulans
458 1828 497 1882 ait
510 1825 545 1884 ad
561 1825 647 1884 Beum
661 1843 668 1884 c
696 1825 735 1882 Te
749 1824 948 1899 confirnmstiss
962 1823 1026 1894 Jonb,
1041 1826 1116 1899 quod
1130 1829 1303 1886 corsditaruos
1316 1842 1531 1891 acaemetarum
1542 1851 1635 1892 rerum
1648 1851 1760 1892 suarum

126 1917 148 1974 in
164 1919 250 1974 eirrctc
270 1927 317 1975 tuo
339 1935 422 1977 more.
443 1919 570 1980 blondum
593 1918 656 1978 dicu
676 1917 784 1976 lidclcm
807 1929 910 1976 torneia}
963 1932 1013 1989 per
1034 1925 1427 1992 gyrossoosrecorrcorcoad
1441 1925 1569 1985 ordinato
1583 1930 1655 1996 locs,
1670 1929 1761 1986 redire

125 2009 237 2070 Ecclesiae
251 2012 382 2084 populoru
397 2030 404 2068 ε
427 2013 472 2085 qui
491 2030 566 2076 tuarc
581 2013 741 2086 specialiter
755 2012 866 2082 dicitur,
883 2023 912 2070 et
961 2011 1088 2084 quotidie
1102 2013 1162 2087 ipse
1172 2013 1303 2088 disponat
1319 2034 1327 2072 ι
1341 2025 1371 2075 et
1384 2019 1488 2076 idcireo
1500 2020 1554 2078 lob
1568 2023 1703 2093 arguitur,
1716 2023 1761 2093 qui

124 2107 215 2165 tubitet
226 2108 251 2164 in
269 2109 324 2166 hoc
337 2109 450 2168 muodo.
473 2109 507 2168 itt
525 2109 577 2167 iste
591 2119 634 2166 est
648 2108 694 2166 ille
711 2109 828 2166 arundus
844 2109 910 2166 llrle·
961 2107 1048 2166 licum
1075 2108 1210 2169 iactorsru
1229 2119 1260 2168 et
1281 2113 1495 2183 gubernaturum
1523 2132 1617 2172 recuro
1639 2118 1759 2172 rotstttiutu

124 2199 196 2267 liunt,
221 2199 254 2258 dc
277 2216 336 2274 qno
357 2203 489 2260 [lucrinus
509 2204 568 2260 ait:
589 2201 635 2262 Sic
648 2201 717 2260 enisu
731 2203 824 2260 dilexit
839 2202 909 2261 Dour
961 2199 1067 2258 diccrcl
1087 2201 1167 2258 nullo
1185 2203 1374 2262 moderamine
1394 2208 1533 2279 aquitanis
1553 2219 1763 2280 operatorium

123 2293 181 2350 lutor
193 2295 332 2361 mundum,
349 2309 376 2354 ut
391 2295 494 2354 Filium
507 2314 583 2354 suum
597 2297 757 2372 unigenitum
772 2298 846 2354 dorrt
862 2315 910 2368 pro
961 2293 1041 2362 quasi
1057 2293 1094 2349 ita
1114 2292 1212 2352 diceus
1226 2296 1265 2353 ait
1276 2297 1322 2352 ei:
1349 2297 1389 2355 Tu
1407 2300 1454 2369 qui
1477 2299 1556 2358 ualde
1567 2303 1720 2370 sapientem
1735 2310 1761 2357 te

122 2403 155 2444 co.
174 2387 219 2445 Est
232 2399 260 2448 ct
280 2389 401 2450 rnurrdus
417 2390 641 2461 incredulorum,
657 2390 691 2447 de
711 2405 766 2462 quo
780 2390 910 2450 simililer
950 2387 1125 2455 ¹arbitraris,
1147 2400 1177 2446 et
1201 2390 1280 2463 quasi
1300 2392 1451 2462 comqualis
1471 2393 1560 2450 locem
1575 2410 1664 2451 meam
1676 2395 1761 2452 luteris

123 2475 242 2540 Domitius
257 2485 297 2542 ait
308 2483 342 2542 ad
353 2484 504 2558 discipulos
515 2499 600 2542 suus:
614 2486 644 2540 Si
655 2486 769 2544 mulidus
782 2502 826 2542 uos
835 2487 909 2542 odit:
961 2478 1125 2550 fabricatus,
1142 2489 1171 2538 ei
1183 2481 1218 2541 de
1233 2484 1302 2540 streis
1313 2482 1425 2554 jordiciis
1438 2485 1582 2555 disputare
1596 2503 1677 2556 posse
1697 2503 1759 2544 cre-

121 2559 200 2632 scitote
213 2578 274 2646 quic
289 2579 403 2649 priorem
418 2595 459 2634 mc
473 2579 533 2634 ollio
545 2578 652 2646 lubuit,
673 2589 728 2635 etc.
760 2577 910 2650 stellaque
961 2572 1031 2632 dis:
1056 2576 1081 2634 si
1105 2575 1239 2634 cumaena
1269 2585 1412 2636 astrorum
1438 2589 1605 2652 preceptum
1628 2582 1760 2652 inspicant

120 2667 307 2726 commoneor
321 2671 483 2742 populerunt
497 2671 524 2726 io
542 2671 594 2730 boe
605 2671 754 2742 corporali,
769 2681 797 2730 et
808 2672 834 2728 iu
848 2671 910 2726 ani·
960 2668 1105 2728 creatoris
1114 2708 1124 2738 ‚
1137 2679 1164 2728 tc
1186 2669 1304 2729 forsitan
1324 2672 1486 2746 disponente
1503 2675 1683 2746 tripotentem
1698 2691 1759 2746 per-

121 2756 176 2818 mali
190 2757 291 2820 otuntlu
302 2761 419 2822 dicintus
432 2765 570 2834 babitare,
584 2765 631 2837 qui
646 2777 672 2822 et
688 2765 853 2834 doemonia,
866 2780 909 2823 se·
959 2769 1030 2833 ubal
1040 2775 1165 2832 cursum,
1183 2779 1245 2820 curs
1260 2763 1313 2822 ista
1334 2764 1496 2838 priusquam
1520 2775 1551 2824 tu
1565 2767 1592 2824 in
1608 2767 1694 2824 Adarn
1712 2786 1759 2839 qno·

119 2853 226 2914 currdum
245 2857 405 2930 excrrtplum
421 2859 548 2932 superius
562 2860 700 2928 positum,
715 2859 768 2916 dici
781 2869 906 2932 possunt,
961 2867 1007 2910 sne
1027 2853 1183 2924 existeres,
1206 2856 1263 2912 slot
1284 2869 1389 2916 creata.
1416 2859 1502 2916 Aliter
1515 2880 1522 2915 :
1536 2859 1595 2916 lloc
1608 2861 1758 2918 diloculum

109 2947 148 3014 ‚ab
161 2949 209 3008 loc
223 2953 335 3011 seilicet
351 2953 421 3012 mari
433 2970 567 3027 aquarum
586 2953 791 3026 metaphoricos
807 2971 908 3014 oroneo
960 2946 1088 3006 salvator
1112 2959 1207 3006 noster
1227 2960 1287 3018 est,
1301 2953 1348 3022 oui
1361 2962 1392 3010 et
1411 2953 1454 3011 sot
1466 2954 1581 3022 iustitie
1593 2957 1759 3027 appellator.

118 3045 293 3118 accipientes,
317 3049 381 3121 quia
403 3057 431 3106 ct
445 3049 543 3108 domus
556 3050 642 3120 bona,
659 3051 717 3106 siue
733 3051 815 3118 strala,
829 3059 858 3108 et
871 3051 910 3108 ci·
961 3037 1023 3110 ¹9⁵0
1039 3040 1134 3098 “¹⁰¹0
1156 3041 1219 3099 fidei
1244 3052 1274 3098 ⁰²
1295 3044 1445 3114 splendor-e
1469 3047 1645 3118 gratiosiora,
1666 3049 1761 3106 lc'cclc-

118 3140 179 3198 ullos
192 3143 392 3213 oppiqna‚giq0
406 3146 538 3216 pessima,
558 3145 634 3204 Mare
654 3160 720 3203 pero
737 3143 857 3217 tropicos
869 3144 910 3202 di·
960 3135 1046 3205 illim,
1062 3135 1193 3194 muudum
1208 3138 1313 3194 bellice!
1326 3138 1488 3198 rationalem
1503 3140 1650 3198 illuullttdl.
1677 3144 1761 3215 igitur

117 3243 205 3292 cuntur
220 3237 316 3310 populi
330 3235 520 3310 fluctuantes,
545 3238 592 3311 qui
608 3239 635 3294 in
649 3240 700 3296 bac
714 3235 768 3294 uita
785 3215 947 3309 inquictofl
962 3229 1094 3299 numidii!
1108 3228 1215 3296 ¹¹¹·50b2
1228 3232 1760 3305 bffloelllssllhbissdllllwbb”librilibus

117 3339 185 3387 motu
205 3329 368 3404 incertoque
388 3332 540 3404 jactamur,
570 3333 637 3390 cum
661 3347 791 3406 ponerem
807 3332 907 3390 nqueo„
960 3323 996 3382 de
1010 3325 1082 3383 stulu
1097 3325 1278 3398 resplendens
1289 3325 1331 3384 bis
1341 3329 1386 3398 qni
1402 3329 1536 3385 sedebant
1554 3329 1582 3386 in
1598 3331 1720 3388 testebris
1733 3343 1762 3388 et

117 3423 304 3484 vcstioteotum
317 3426 396 3498 ejus,
411 3437 439 3483 ct
452 3427 569 3500 caligine
583 3427 648 3485 illud
665 3428 738 3484 uelut
754 3429 850 3496 patruis
863 3428 907 3484 iu·
960 3417 1056 3474 ”nibli
1068 3419 1164 3475 milii
1175 3435 1183 3474 ²
1193 3419 1619 3494 i¹¹0ffl²⁴¹¹¹¹⁰d⁸¹¹¹¹⁰f8⁰”inhibe
1634 3435 1696 3494 ll⁰⁵¹
1710 3426 1761 3481 3¹¹5·

116 3519 199 3578 lentim
210 3521 400 3580 absolverem.
421 3516 526 3580 Nubem
544 3523 638 3579 cronia
654 3522 826 3595 operientem
843 3521 906 3593 Spi·
961 3510 1029 3568 “⁰¹¹¹
1044 3518 1120 3568 [⁰⁰⁰1
1132 3513 1285 3584 biael'illlile
1297 3528 1352 3570 ¹¹⁰⁰
1370 3516 1482 3584 antuisti
1494 3517 1624 3585 merbiis
1640 3529 1671 3576 ut
1683 3536 1761 3576 bibb-

116 3614 190 3670 mum
214 3624 364 3682 samum,
391 3617 527 3674 eseam
545 3615 673 3674 omnqqug
686 3613 806 3674 {umqum
817 3631 850 3672 ,ρ
862 3631 909 3673 gu.
959 3603 996 3662 do
1008 3604 1035 3660 io
1048 3620 1177 3662 errorum
1191 3607 1314 3663 tenebris
1333 3608 1482 3666 constituto
1498 3620 1574 3665 essct
1586 3609 1738 3666 diluculunt
1752 3630 1759 3668 :

116 3705 249 3774 perlosum
267 3707 455 3778 accipiamus,
474 3707 578 3780 dequo
593 3705 630 3764 ait
647 3726 653 3764 ;
672 3707 788 3782 spiritus
803 3707 909 3764 Donrini
960 3697 999 3756 lta
1014 3713 1066 3754 nec
1079 3707 1141 3769 pust
1155 3699 1252 3755 nturtis
1266 3714 1394 3756 occeanus
1408 3701 1486 3771 ejus,
1503 3703 1716 3761 resurrectionis
1733 3720 1758 3760 et

103 3801 318 3874 ¹superferebatur
334 3819 518 3874 cuperemque.
547 3801 642 3876 Caligo
657 3812 749 3859 autom
777 3802 907 3875 qqtiqlquid
959 3789 1050 3850 locunt
1074 3793 1171 3862 glunic}
1186 3792 1245 3864 ejus
1271 3793 1298 3848 iu
1319 3791 1419 3850 dextra
1443 3793 1594 3862 patrissui
1614 3797 1759 3852 cstettdctc

114 3905 152 3952 est
170 3895 250 3954 inane
276 3907 354 3952 trans
376 3896 507 3954 rnoodorn
524 3913 530 3952 ε
548 3895 595 3952 ubi
620 3896 718 3954 leuitas
737 3905 799 3964 cst,
814 3895 843 3952 id
854 3904 905 3962 eat,
961 3885 1091 3956 Ρθῑυῑὸῑῑ,
1108 3901 1188 3956 ‘luem
1203 3894 1263 3957 1³⁰⁸!
1283 3895 1402 3945 mrtem
1421 3903 1502 3959 obitu
1518 3899 1616 3958 sputos
1629 3905 1758 3963 suscope-

113 3997 181 4046 retrc
193 3985 323 4046 delectus
337 3989 451 4062 intelligi
463 3998 564 4060 potest.
581 3987 719 4047 lloralitcr
730 3996 821 4044 autern
832 3987 907 4060 justa
959 3989 1014 4048 rai,
1030 3977 1064 4034 ad
1079 3995 1123 4034 otc
1137 3979 1236 4037 iteruin
1252 3983 1390 4038 reuocari.
1410 3982 1487 4040 stom
1501 3982 1559 4052 ipsc
1570 3985 1702 4042 bominus
1714 3988 1760 4042 le·

113 4083 301 4145 auctoritatem
325 4083 494 4159 Scripturas,
525 4083 613 4142 nubes
636 4092 698 4142 sunl
722 4081 909 4154 tonusquisquc
958 4089 1008 4134 sus
1021 4074 1060 4130 sit
1071 4074 1098 4129 io
1111 4071 1279 4148 Evangelio:
1296 4076 1329 4133 Si
1339 4093 1402 4151 erqo
1416 4076 1532 4134 sideritis
1545 4077 1631 4149 fitium
1646 4081 1759 4138 bornirris

113 4179 233 4238 ueritatis
246 4179 439 4238 aunurttiator.
464 4177 567 4236 llorum
585 4178 667 4250 igitur
678 4175 773 4233 serbis
783 4174 909 4232 cornecia-
960 4167 1142 4224 urceudeulcrn
1153 4167 1198 4224 ubi
1210 4177 1266 4224 mot
1277 4171 1360 4242 prius.

113 4271 185 4328 soriis
201 4282 285 4344 alque
299 4271 444 4340 doctrina,
467 4270 585 4327 rorando
605 4265 737 4342 desuper,
757 4271 799 4324 ait
814 4268 908 4324 borrel·
996 4260 1032 4318 Ε(
1055 4262 1163 4318 tenuisti
1179 4264 1329 4322 concutiens
1348 4272 1462 4320 carrecto
1476 4273 1566 4330 (στα,
1585 4272 1761 4327 steecussieti

112 4377 170 4435 utts,
183 4365 318 4424 mundum
330 4365 453 4424 bdelium
467 4363 501 4419 ob
514 4374 583 4420 matu
595 4363 775 4422 tentationum
789 4358 908 4434 protexi,
959 4357 1055 4428 impios
1077 4374 1110 4414 rc
1129 4359 1179 4416 so?
1197 4355 1293 4416 Potest
1307 4358 1366 4416 baec
1387 4369 1459 4416 terra
1480 4361 1603 4420 Ecclesia
1622 4365 1757 4439 intelligi:

112 4457 190 4528 eique
208 4458 336 4518 umbram
352 4473 433 4530 supra
457 4457 642 4528 promissione
661 4469 774 4514 aeternae
788 4455 910 4521 ¹beatitu-
945 4450 995 4512 ‚dc
1014 4449 1093 4524 euius
1114 4451 1303 4508 inindumentis
1324 4452 1457 4510 bominus
1476 4456 1604 4527 superios
1624 4457 1704 4527 disis,
1723 4460 1760 4518 dc

111 4549 178 4610 dinis
204 4552 331 4624 praebui,
360 4550 413 4608 hooc
428 4563 491 4622 est,
514 4552 708 4608 uestimentum
729 4565 778 4623 per
799 4558 908 4606 sarrctus
961 4561 1015 4619 qua
1034 4545 1061 4602 in
1076 4545 1207 4603 extremis
1223 4555 1324 4614 terrae,
1339 4545 1367 4602 id
1381 4555 1441 4614 cst,
1456 4545 1485 4603 in
1499 4548 1760 4610 moissimosaeeolo

111 4658 182 4701 neos
196 4645 344 4705 urinistros
356 4643 495 4718 Evangelii
512 4645 537 4704 ei
549 4661 633 4718 super
651 4661 729 4702 mare
745 4643 908 4718 populorum
922 4607 949 4677 D
962 4640 1119 4698 excutiendi
1138 4648 1206 4698 sunt
1223 4652 1399 4712 peccatores:
1418 4643 1456 4698 ita
1479 4643 1538 4714 ipsc
1554 4644 1685 4705 bantinus
1698 4649 1758 4705 sit:

110 4735 247 4810 expandi:
275 4753 311 4797 nc
327 4737 458 4794 uidelicet
479 4739 581 4795 infideli
604 4748 729 4796 caumate
745 4745 909 4795 torreretur.
961 4732 1030 4790 b'rce
1044 4732 1191 4806 umndcbo,
1210 4748 1234 4788 et
1249 4736 1397 4790 conatione
1411 4736 1439 4791 io
1453 4736 1572 4794 onomius
1582 4740 1760 4810 pestiburdc·

110 4825 183 4894 Quod
206 4833 293 4887 etiarn
317 4845 395 4888 mare
414 4831 578 4902 populorum
598 4830 671 4888 intra
688 4829 908 4902 pradicationem
962 4843 1032 4883 suurn
1044 4826 1148 4898 lsrael,
1171 4827 1239 4884 sicut
1251 4829 1397 4887 conculcor
1411 4829 1527 4888 socioso
1539 4830 1567 4887 io
1579 4833 1673 4891 citro.
1687 4835 1760 4894 lieus

108 4923 261 4995 perlectam
283 4923 423 4998 Euarrgclii
446 4925 581 4997 positum,
602 4934 714 4997 propter
739 4939 845 4980 natorum
867 4922 910 4978 in·
961 4935 1029 4994 ergo
1051 4920 1097 4992 qni
1120 4923 1271 4980 sccundrtm
1292 4921 1453 4993 prophetant
1478 4939 1588 4991 mensus
1611 4937 1654 4983 cst
1674 4944 1759 4999 aquas

110 5017 221 5078 lantiam
248 5021 278 5077 in
303 5019 467 5094 quibusdam
484 5018 571 5076 lactea
588 5019 723 5088 doctriua,
745 5019 820 5076 uelut
832 5016 909 5073 nilio-
962 5015 1077 5090 pugillo,
1093 5025 1122 5072 et
1133 5017 1217 5074 eccles
1230 5017 1320 5087 qnalnto
1332 5019 1514 5089 ponderavit,
1534 5031 1560 5074 ot
1574 5021 1762 5094 trilmsrligiti„

109 5111 181 5172 ribos
197 5113 375 5173 vestimentis
390 5109 527 5188 operitur,
552 5128 585 5171 eo
598 5113 668 5184 qood
684 5111 831 5170 sacratiora
849 5126 907 5184 rup-
961 5117 1064 5168 terrans
1074 5109 1218 5181 appendit,
1232 5110 1290 5181 ipsc
1304 5125 1353 5180 pro
1365 5110 1554 5182 maguitudino
1569 5120 1684 5184 uteroque
1698 5129 1757 5170 nta-

109 5207 190 5264 steria
218 5223 276 5264 non
300 5206 410 5264 ualeant
425 5207 547 5273 intueri,
563 5223 624 5280 quae
643 5218 708 5262 sunt
720 5201 907 5278 intelligentius
961 5219 997 5259 nu
1015 5212 1112 5260 tenens
1125 5203 1262 5275 rrtsnglucs
1279 5213 1369 5272 terra,
1384 5204 1460 5275 qimai
1475 5204 1594 5261 cribrum
1612 5203 1666 5262 buc
1677 5217 1760 5279 atque

108 5295 228 5358 inuoluta
254 5297 385 5374 ealigine.
406 5299 581 5358 Circurrtdcdi
601 5299 667 5356 illud
689 5296 814 5358 terminis
828 5299 908 5368 mels,
962 5297 1026 5355 illuc
1045 5297 1183 5364 curreutit,
1205 5297 1264 5354 siue
1284 5298 1387 5353 excutit
1403 5308 1540 5370 tamquam
1554 5299 1759 5370 uestimentum,

108 5402 136 5450 ct
151 5395 232 5466 posui
256 5403 362 5453 ucetcm
385 5405 412 5452 et
430 5397 511 5452 ostia.
532 5393 680 5468 Hucusque
692 5397 798 5464 venies,
814 5403 842 5450 et
855 5409 909 5450 non
962 5375 994 5448 u't
1017 5391 1116 5464 impios
1139 5392 1216 5448 uelut
1231 5392 1346 5462 paleas,
1362 5400 1392 5447 et
1405 5392 1499 5447 lolium
1521 5392 1641 5447 excutiat
1661 5407 1677 5446 a
1699 5393 1759 5448 lou·

107 5487 246 5560 procedes
269 5490 408 5562 amplius,
433 5502 460 5548 et
481 5489 525 5546 bic
544 5488 701 5564 confringes
714 5497 850 5546 trrrrtenlcs
861 5487 911 5546 bu·
949 5494 1057 5556 ,mento
1066 5485 1214 5556 iustorum.
1236 5482 1356 5540 Proinde
1369 5483 1428 5540 lraec
1442 5486 1533 5540 colonia
1547 5486 1688 5555 operantis
1706 5505 1760 5542 oron

108 5589 168 5640 clus
182 5593 258 5641 turos.
280 5581 428 5652 l'orrrtirrir,
447 5577 829 5656 ioqoitbeoqrooodarorun·
842 5597 913 5638 orco·
963 5579 1053 5636 solum
1078 5577 1231 5644 lentitudo,
1253 5594 1348 5634 uarum
1372 5588 1400 5633 ct
1412 5577 1519 5647 lusoria
1534 5578 1715 5644 demonstrat,
1731 5591 1761 5637 et

109 5690 181 5748 rum,
197 5675 363 5750 praedictum
373 5693 449 5734 tutare
461 5678 530 5733 intra
541 5677 621 5734 unius
636 5675 696 5735 lidci
708 5673 911 5732 consessionem
964 5669 1028 5728 inde
1040 5677 1093 5734 est,
1109 5669 1182 5740 quud
1197 5679 1295 5726 surreio
1308 5669 1360 5726 lob
1372 5669 1505 5727 Doutiuus
1517 5685 1578 5726 curu
1593 5671 1760 5742 irrereputio·

110 5769 278 5840 congregavi
292 5779 374 5842 atquc
390 5769 528 5840 crirrclosi,
545 5779 570 5824 el
587 5769 620 5824 ad
636 5765 858 5825 crirtdeosandom
873 5783 912 5828 uu.
965 5765 1000 5818 uc
1023 5761 1162 5831 loquitor:
1189 5775 1274 5830 qnare
1294 5759 1395 5845 diserti
1417 5762 1556 5820 innnoceuti
1578 5762 1629 5820 sibi
1652 5777 1760 5833 qzoerratu

96 5851 300 5922 ¹fortissimum
324 5859 363 5922 itti
385 5877 491 5923 vectem
518 5859 659 5920 clrarlutis
684 5865 819 5936 opposui,
845 5861 913 5918 uario
966 5858 1111 5916 acerrimus
1134 5858 1296 5912 tentationis
1318 5857 1432 5917 illoram.
1462 5858 1619 5936 Secundum
1636 5860 1767 5925 sorosaloqo
