4000 6334
260 289 313 350 {Sd
884 285 915 343 S.
936 283 1072 345 sussen
1092 277 1284 344 tttttttorlidt
1859 289 1910 350 tto

260 411 334 468 eninr
344 415 373 466 et
385 415 400 448 ⁸
412 407 507 466 Crater
522 405 589 464 iecit
601 401 792 477 philosophus,
805 409 836 458 et
861 402 941 458 multi
956 401 1005 457 alii
1016 401 1060 458 di-
1071 407 1101 469 Λ
1110 401 1253 459 dimiserat
1268 417 1276 455 :
1292 399 1374 469 pean
1388 397 1457 457 sidit
1472 397 1616 469 tuimet,
1635 405 1659 456 et
1671 397 1761 457 m
1772 401 1911 475 possiden.

259 503 341 559 uittas
352 507 592 571 contempnet-nnn
604 496 654 554 sed
668 493 808 568 quisecuti
821 494 887 550 estin
901 507 945 550 rne
957 510 964 548 ι
978 494 1057 566 151
1110 507 1148 554 ter
1162 495 1199 569 (ll
1211 495 1273 552 Cor.
1286 509 1324 563 rt,
1347 494 1404 566 ld).

260 595 334 667 quod
359 591 470 664 proprie
482 591 669 665 apostolorum
683 597 727 645 est
742 595 822 659 atque
837 585 1059 644 credentiumln
1143 587 1223 663 (cap.
1238 587 1299 645 llll.
1315 617 1351 632 -
1372 587 1484 646 Versl
1511 587 1604 660 mon.)
1624 587 1720 644 Sinde
1739 597 1778 645 ert
1796 606 1909 663 regnan

261 691 482 763 regeneratione,
501 703 564 746 curn
589 685 694 744 sederit
712 684 797 742 Filius
814 683 935 741 hominis
947 685 976 740 in
993 681 1060 740 setle
1109 687 1236 742 colorant
1256 684 1357 740 domini
1377 683 1577 757 paritnntiiittt,
1591 683 1636 755 ptri
1656 684 1816 757 casepmno
1830 701 1909 740 unone

259 782 412 856 unciestatis
425 795 493 849 suae,
508 777 641 852 quando*
653 791 689 835 es
707 777 823 834 mortuis
832 776 867 832 de
881 776 1060 848 corruptione
1109 781 1252 837 emrdecere
1265 780 1399 852 opererier
1412 779 1441 834 in
1451 780 1554 834 mern
1564 793 1651 835 mn.
1666 775 1849 835 denuntient
1860 796 1908 835 ou-

259 881 406 947 reenrgent
420 871 585 942 incorrupti,
600 867 735 927 sedebitis
746 877 776 926 et
788 881 839 925 ros
850 867 880 924 in
893 866 971 924 soliis
983 865 1059 938 jndi-
1109 885 1162 932 rem
1176 876 1247 948 sacto
1260 890 1319 930 am
1338 873 1468 944 spanniis
1480 888 1514 928 a
1524 872 1633 928 main
1655 872 1763 940 dem,
1778 872 1851 928 enim
1863 887 1908 927 nor

259 967 396 1036 cantium,
422 965 638 1023 condemnantes
665 963 812 1023 duodecim
834 963 923 1020 tribus
948 962 1032 1019 lsrael
1047 979 1057 1018 s
1108 969 1137 1024 tn
1150 969 1253 1024 pinensi
1264 981 1352 1023 roan.
1365 966 1402 1022 St
1414 982 1534 1040 sperem
1544 967 1616 1021 oirorr
1630 966 1723 1020 toran
1736 963 1854 1034 tatiano,
1866 966 1907 1020 ei·

260 1062 324 1133 quia
336 1058 415 1116 rotis
427 1057 614 1127 credentibus,
628 1056 668 1113 illi
681 1055 796 1114 credere
808 1055 967 1113 noluerent.
1109 1059 1149 1114 dit
1166 1061 1237 1116 otior
1256 1067 1355 1116 euntes
1366 1060 1395 1114 in
1405 1060 1464 1130 foro
1483 1060 1599 1128 otium,
1615 1067 1641 1113 et
1652 1057 1724 1113 dicit
1733 1057 1813 1114 dita:
1827 1055 1871 1113 lte
1883 1067 1909 1112 tt

298 1152 390 1224 (Vens.
406 1152 454 1220 29,
468 1151 527 1223 50.)
541 1147 1059 1222 Etornrtiepeireliqrteritduntttnt,rel
1107 1155 1194 1211 posin
1209 1155 1311 1210 nim
1335 1169 1430 1222 meam,
1452 1152 1559 1225 ecquod
1572 1154 1677 1227 justene
1690 1153 1769 1224 [sent
1784 1151 1910 1206 dotore-

260 1249 366 1319 [rotree
379 1257 425 1302 aut
435 1261 547 1316 sorores,
560 1253 605 1300 out
616 1255 728 1317 petrem,
742 1255 787 1300 ortt
800 1254 918 1311 matrem,
931 1253 978 1299 ont
993 1259 1058 1299 utre
1109 1248 1157 1304 dir.
1169 1245 1216 1302 tttt
1226 1257 1314 1303 autern
1323 1245 1454 1302 adierunt.
1468 1246 1547 1318 152
1557 1242 1829 1300 lteretttortternenit‘t
1839 1244 1909 1298 eim

257 1356 324 1406 rent,
344 1349 388 1394 out
409 1337 489 1408 filios,
503 1345 636 1410 autogrnt
650 1345 756 1408 propter
779 1351 873 1392 nomen
882 1351 979 1400 meent,
996 1349 1058 1390 cen·
1107 1347 1244 1396 sentcmet
1258 1353 1356 1393 marum
1370 1336 1473 1405 toran,
1489 1347 1516 1394 et
1540 1337 1601 1409 [ecit
1617 1334 1749 1392 rimdim.
1761 1333 1842 1391 Circe
1855 1351 1908 1390 str-

257 1434 359 1505 tttplrtrtt
374 1431 497 1502 accipiet,
520 1439 544 1484 ct
565 1431 644 1485 nitent
666 1441 790 1486 termnum
806 1429 956 1502 possidebit.
976 1427 1058 1485 lintri
1108 1431 1431 1496 de'rinrmnneroeciit,et
1442 1431 1539 1486 drmit
1551 1429 1779 1496 dioeeuntwt
1792 1429 1859 1484 dicit
1875 1428 1909 1482 tt·

257 1537 346 1583 mrtem
356 1536 434 1582 errent
449 1523 527 1596 printl
536 1523 681 1590 nonisnmi,
694 1531 717 1579 et
726 1524 861 1580 novissimi
869 1522 1058 1596 primilancms
1107 1524 1166 1580 lis:
1181 1523 1252 1592 Quid
1264 1523 1310 1577 tric
1329 1522 1403 1578 adit
1419 1531 1473 1576 toto
1495 1522 1538 1578 die
1558 1521 1656 1578 nient
1670 1520 1909 1588 llicttnteisileia

256 1621 312 1680 iste
325 1635 388 1678 cum
400 1619 449 1676 illu
464 1619 601 1676 sententia
613 1619 749 1690 congruit,
764 1617 793 1674 ln
808 1631 860 1690 qna
876 1618 1000 1675 Salomon
1014 1617 1057 1673 lo·
1107 1631 1183 1672 neno
1196 1632 1244 1672 nor
1258 1615 1395 1671 contenit.
1409 1615 1479 1670 llicit
1497 1614 1555 1670 iltis
1570 1631 1583 1672 .·
1597 1613 1640 1672 lte
1653 1623 1679 1670 ot
1700 1629 1746 1670 nor
1759 1614 1789 1670 in
1805 1615 1909 1670 cincun

258 1716 351 1790 quitur
367 1731 374 1769 ι
391 1709 453 1768 Non
468 1713 527 1768 neni
541 1727 631 1782 pecora
643 1712 760 1778 mittere,
775 1711 821 1766 ced
840 1711 967 1786 plodirnn.
990 1709 1058 1767 Veni
1106 1725 1202 1766 nteum
1221 1709 1289 1766 Germ
1306 1723 1366 1763 sero
1387 1717 1474 1764 ruent
1493 1712 1593 1779 {astute
1604 1715 1672 1764 erut
1684 1745 1692 1774 ‚
1704 1707 1773 1762 dicit
1783 1707 1908 1762 doninus

259 1811 328 1865 enirn
340 1823 460 1881 seponere
474 1807 604 1862 nominem
618 1819 634 1862 o
648 1815 788 1879 petrense,
799 1813 942 1862 nmntrenr
956 1820 973 1859 n
986 1805 1054 1875 filio,
1070 1805 1190 1881 grinele
1203 1803 1367 1873 procorutnri
1382 1818 1430 1858 reo
1444 1817 1454 1857 .·
1471 1801 1544 1857 Vero
1557 1801 1704 1872 operarios,
1718 1809 1744 1856 et
1756 1801 1838 1857 reddo
1851 1802 1907 1856 illie

260 1918 286 1962 et
301 1919 399 1959 narum
412 1919 429 1957 u
442 1917 547 1959 torre:
571 1911 595 1956 et
608 1900 707 1956 t'nr'nrict'
720 1899 832 1958 itcrninls
853 1900 1058 1974 domesticiores
1106 1896 1267 1962 mercedem·
1285 1895 1414 1965 incipiat
1433 1911 1450 1950 u
1467 1895 1615 1950 nonntmtr
1636 1909 1719 1965 aspre
1741 1893 1777 1947 sd
1796 1899 1907 1964 prttrron.

255 1997 358 2070 (Supra
371 2013 399 2065 a,
415 1994 473 2067 nt).
487 1995 540 2064 Qut
554 2007 621 2066 ergo
641 2003 758 2067 propter
783 1995 867 2052 fldem
888 1993 1004 2060 Citristi,
1030 2004 1058 2052 et
1107 1987 1173 2045 Cunr
1187 1990 1320 2044 emissent
1329 2003 1395 2061 ergo
1406 1988 1452 2060 pati
1465 1988 1537 2043 cirre
1550 1987 1714 2044 nominum
1726 1985 1821 2042 lorotn
1831 2003 1908 2042 tene·

251 2089 478 2163 praedicationem
498 2085 654 2160 Evangelii,
680 2101 777 2144 omnen
796 2085 909 2144 allectus
927 2093 1056 2143 cuntem·
1106 2093 1178 2153 rent,
1194 2094 1351 2155 occeperunt
1370 2083 1488 2155 singulos
1508 2082 1643 2138 denarios.
1662 2081 1802 2138 Venientes
1818 2091 1907 2138 uun

252 2180 464 2252 morimurque
476 2178 587 2236 diuitias
600 2177 730 2235 msaeculi
743 2177 915 2250 uoluptates:
932 2177 978 2234 isti
991 2193 1057 2235 cen·
1105 2175 1433 2248 septingentesimum
1447 2177 1517 2247 quod
1532 2177 1594 2247 ples
1603 2183 1688 2232 munt
1697 2178 1829 2247 recepturi
1842 2191 1908 2230 :oe-

255 2273 363 2344 tuplum
377 2271 526 2343 recipient,
549 2281 577 2327 et
601 2273 686 2327 uitam
711 2278 843 2328 aeternam
868 2270 1056 2344 possidebunt.
1106 2278 1230 2343 ceperunt
1242 2281 1329 2327 nntern
1345 2279 1373 2327 et
1386 2272 1439 2342 ipsi
1452 2271 1570 2343 cingulos
1583 2271 1716 2328 deterior.
1726 2270 1762 2326 Et
1775 2272 1909 2343 exipien-

254 2364 296 2421 Ex
316 2365 461 2421 occasione
483 2363 564 2435 hujus
585 2362 740 2434 sententie,
756 2361 865 2434 quidam
880 2363 1058 2422 introducunt
1107 2371 1156 2431 ter,
1169 2363 1367 2419 rrrerrntrrcdont
1378 2365 1505 2420 donner
1520 2364 1749 2436 ponenfumitirr,
1764 2365 1880 2420 dieerrtcs
1898 2382 1907 2419 :

256 2459 333 2516 mille
348 2475 436 2516 annos
451 2470 511 2531 post
526 2461 768 2530 resurrectionem,
786 2457 910 2517 dicentes
923 2469 988 2518 tutte
1007 2477 1057 2518 no·
1106 2453 1146 2510 111'
1166 2456 1301 2511 nannltnt'
1315 2471 1369 2511 unt
1387 2455 1453 2511 doru
1476 2457 1610 2527 demunt,
1628 2467 1655 2512 ct
1668 2471 1745 2529 peret
1757 2457 1819 2512 illos
1831 2457 1907 2512 notit

254 2555 298 2611 bls
312 2556 471 2626 centuplum
489 2555 612 2610 omnium
635 2569 728 2610 rerum
751 2567 818 2624 quas
839 2553 1005 2624 dimisimus,
1029 2564 1055 2611 ct
1105 2548 1256 2621 {animost
1270 2551 1748 2624 murimstpundntdirt'ctaestntl
1763 2552 1907 2607 Atitterr·

253 2648 341 2705 vitam
355 2657 484 2705 aeternam
503 2663 567 2705 esse
580 2646 748 2704 reddendam
769 2663 777 2701 s
800 2661 853 2702 non
869 2647 1056 2718 intelligentes
1105 2643 1297 2714 immansueti
1308 2659 1411 2713 mern,
1422 2645 1501 2700 dicit.
1513 2645 1646 2702 nenton
1662 2647 1724 2713 ista,
1741 2647 1786 2702 rel
1802 2646 1905 2702 sirnili·

254 2743 327 2816 quod
343 2744 364 2799 si
379 2743 406 2798 in
423 2743 531 2800 caeteris
553 2741 634 2813 digna
657 2743 693 2798 sit
706 2740 883 2812 repromissio
896 2782 904 2807 ,
919 2741 946 2796 in
963 2741 1056 2798 uxori·
1103 2735 1171 2791 nttlo
1184 2739 1260 2808 regni
1271 2737 1417 2807 coelorum,
1430 2753 1467 2795 er
1480 2739 1523 2795 luis
1533 2753 1596 2809 gutte
1610 2742 1754 2811 peremisse
1770 2749 1851 2807 sont,
1865 2744 1906 2794 in·

254 2839 306 2894 ltus
321 2821 453 2910 appareat
464 2837 618 2908 turpitudo;
633 2845 662 2892 ut
675 2815 721 2908 gui
733 2850 814 2892 unam
828 2851 877 2908 pro
885 2835 1005 2894 Domino
1015 2837 1056 2894 di·
1105 2831 1249 2902 telligitnr.
1265 2832 1405 2904 Scriptum
1418 2844 1461 2892 est
1473 2833 1548 2891 enim
1561 2843 1626 2891 ante
1637 2849 1699 2892 eam
1714 2853 1721 2888 ι
1737 2833 1818 2892 liciti
1829 2845 1906 2891 erent

254 2933 373 2999 miserit,
387 2940 416 2986 et
435 2938 544 2986 centum
566 2929 680 3003 recipiat
702 2930 730 2987 in
743 2929 845 2987 lutuno.
867 2930 969 2989 Sensus
989 2947 1055 3004 ergo
1106 2925 1185 2996 primi
1198 2927 1350 2996 punimini,
1363 2937 1389 2982 et
1410 2927 1543 2984 noninimt'
1562 2929 1653 3000 pund·
1678 2927 1767 2984 liott‘l
1786 2929 1905 2996 tempori

255 3025 309 3081 iste
323 3034 366 3081 est
378 3043 384 3078 :
398 3023 452 3092 Qui
471 3022 591 3080 carnalia
607 3039 657 3096 pro
672 3025 815 3082 Salvatore
836 3023 982 3094 dimiserit,
999 3027 1056 3098 spi·
1105 3018 1246 3079 destruente
1260 3023 1386 3090 llominn,
1410 3023 1460 3079 sed
1478 3022 1556 3079 ddei.
1572 3023 1699 3094 liicitque
1719 3023 1908 3094 patremlami·

252 3115 361 3174 ritualia
384 3115 518 3187 recipiet:
541 3132 603 3186 puae
626 3118 831 3188 comparatione
851 3127 879 3172 et
896 3117 996 3174 merito
1011 3119 1055 3175 sni
1107 3115 1160 3172 lias
1172 3118 1265 3189 primo
1283 3133 1362 3175 mane
1375 3117 1482 3187 exisse,
1496 3129 1528 3175 ut
1540 3117 1708 3174 conduceret
1721 3118 1865 3188 operarios
1878 3119 1905 3173 in

250 3211 288 3267 ita
304 3217 394 3280 crunt,
411 3209 491 3280 quasi
508 3219 519 3249 ⁰
543 3209 567 3264 si
584 3223 670 3279 perro
684 3225 798 3266 numero
812 3210 986 3266 centenarius
1001 3215 1089 3284 nrt-C
1104 3212 1213 3268 rinenm
1235 3227 1331 3278 suam,
1346 3221 1375 3270 ct
1387 3216 1508 3282 pretinm
1523 3213 1615 3285 operis
1628 3213 1807 3269 constituisse
1820 3213 1906 3268 cletta-

252 3317 346 3360 merus
354 3310 538 3373 comparetur.
549 3300 701 3359 Undedicit
711 3302 905 3374 etdpostolus,
916 3303 1052 3377 gulanam
1106 3304 1187 3361 rium.
1200 3305 1305 3362 Deinde
1318 3320 1457 3378 egressum
1469 3307 1542 3363 circa
1552 3306 1649 3362 horam
1663 3309 1785 3377 tertiam,
1799 3305 1904 3364 uidisse

251 3403 357 3454 tantum
375 3393 503 3463 domum,
527 3404 556 3452 et
577 3395 656 3452 tinius
680 3395 830 3466 provincie
851 3411 954 3470 pantos
971 3411 1053 3469 agros
1103 3397 1176 3454 alios
1190 3407 1295 3455 stantes
1309 3399 1338 3454 in
1354 3397 1444 3469 platea
1466 3401 1570 3458 otiosos
1586 3419 1593 3455 ε
1609 3409 1638 3457 et
1656 3399 1710 3456 illis
1724 3415 1902 3472 nequaquam
1977 3452 1978 3455 ,

287 3601 439 3657 ⁸Erasmns
451 3601 518 3672 legit
534 3601 656 3658 Socrates
662 3617 671 3668 ;
682 3615 732 3671 pro
746 3599 845 3655 Crater.
858 3599 989 3656 Enmdcm
1006 3617 1051 3658 er·
1103 3602 1185 3672 epist.
1200 3602 1244 3667 58.
1260 3603 1294 3658 atl
1305 3603 1449 3660 Paulinum
1466 3624 1472 3661 :
1488 3605 1580 3661 Cretes
1592 3607 1638 3661 ille
1659 3605 1810 3672 idcircor,
1826 3607 1904 3665 torno

253 3689 346 3730 rorem
360 3673 449 3743 reperi
464 3673 492 3728 in
513 3671 640 3728 ottonibus
655 3679 722 3727 mss.
745 3669 890 3727 Codiciltus
901 3687 969 3744 quos
982 3673 1048 3744 lcgi,
1102 3675 1235 3744 pnondom
1249 3675 1405 3743 ditissimus,
1420 3694 1479 3732 cum
1491 3677 1526 3731 ud
1539 3677 1777 3749 plriloroptrmrdttnn
1788 3679 1904 3735 Attienus
1975 3678 1976 3693 ³

256 3759 374 3801 numero
388 3743 604 3814 quattuordecim.
631 3743 669 3798 De
684 3757 738 3813 quo
755 3743 930 3813 antiquorum
944 3747 1047 3800 exscri-
1100 3755 1229 3817 pergeret,
1241 3763 1367 3820 mgnum
1390 3750 1450 3803 ueri
1466 3750 1569 3818 pondu
1595 3749 1780 3822 stireman
1801 3755 1904 3821 repetit

250 3827 361 3944 Quorum
375 3829 471 3872 errore
493 3815 553 3872 lttec
578 3814 709 3870 lraltcntus
723 3814 867 3870 obseruata
888 3831 902 3870 a
923 3815 1045 3870 liaciano
1099 3817 1181 3884 epist.
1193 3817 1238 3884 dd,
1252 3817 1285 3873 ad
1296 3819 1512 3889 Parnmacliium,
1525 3828 1553 3876 et
1568 3821 1614 3886 tt,
1628 3822 1662 3875 nd
1676 3821 1835 3876 lucinium.
1848 3824 1903 3880 De·

277 3888 374 3945 ictonio
390 3906 396 3940 ι
421 3885 635 3942 Emendauitnus
654 3885 750 3940 Crates
765 3900 814 3956 pro
829 3885 966 3954 Socrates,
985 3887 1045 3941 liri·
1098 3887 1181 3958 nique
1196 3899 1226 3945 et
1236 3889 1283 3945 lib.
1297 3902 1392 3946 contra
1406 3891 1545 3948 torinnam
1562 3891 1900 3963 tt.CroterilleTtrel›onus,

249 3959 394 4016 xianorum
406 3957 530 4013 codicum
542 3959 659 4012 tnonitn.
672 3955 695 4011 n
709 3957 791 4012 Crnte
805 3959 877 4013 enim
894 3973 947 4013 non
962 3973 976 4012 a
992 3959 1045 4014 So·
1099 3961 1221 4030 proiecto
1235 3959 1264 4015 in
1279 3977 1351 4018 neure
1371 3977 1423 4017 non
1445 3978 1527 4047 pareo
1539 3964 1599 4018 ouri
1618 3964 1747 4033 pondere:
1761 3963 1850 4034 Alite,
1862 3967 1904 4020 in·

249 4041 336 4099 crate,
351 4031 397 4102 qui
418 4043 468 4084 nec
489 4029 565 4085 dites
589 4027 673 4083 luisse
692 4027 800 4110 legitur,
820 4029 847 4083 id
867 4028 966 4085 lactum
980 4045 1045 4101 pro-
1097 4031 1163 4114 quit,
1179 4047 1282 4102 pessum
1296 4034 1374 4089 ntaltc
1393 4035 1568 4102 cepeoitntesr
1588 4051 1635 4106 ego
1647 4050 1691 4090 nos
1714 4051 1845 4107 mergum,
1867 4053 1901 4093 ne

250 4101 335 4157 ditur.
352 4101 435 4156 Error
450 4109 539 4169 natus,
565 4099 637 4171 quod
658 4107 746 4156 notros
769 4114 801 4154 ac
814 4100 951 4158 celebrior
971 4110 1044 4157 esset
1098 4118 1270 4174 tprentergnr
1282 4121 1300 4159 o
1311 4105 1395 4162 codic.
1407 4104 1511 4162 Verum
1525 4105 1589 4162 huic
1601 4105 1775 4163 stabiliendae
1790 4109 1902 4166 lectioni

249 4171 379 4230 Socrates
389 4186 470 4298 guam
489 4171 595 4242 Crates,
610 4179 745 4228 etnomcn
763 4169 868 4227 sitione
882 4171 966 4228 idem.
983 4173 1047 4228 llic·
1099 4185 1198 4230 contra
1212 4189 1279 4232 mss.
1296 4175 1378 4233 ludent
1393 4176 1463 4232 nihil
1474 4179 1567 4248 potins
1581 4176 1617 4234 sit
1627 4177 1756 4234 luistonicu
1771 4180 1901 4246 recitate,

250 4258 382 4316 ronymus
414 4241 526 4299 eCrate
549 4241 642 4298 multis
667 4243 692 4296 in
719 4242 788 4297 locis
804 4243 855 4296 lunc
879 4245 989 4298 asserit.
1005 4243 1048 4300 nd
1101 4255 1128 4301 et
1138 4245 1276 4316 origenis,
1288 4263 1323 4302 ex
1335 4263 1391 4319 guo
1400 4258 1484 4303 totam
1496 4249 1754 4320 interpretationum
1768 4249 1904 4323 llierony-

249 4313 394 4372 Paulinum
407 4313 441 4369 de
462 4314 634 4369 institutione
657 4313 801 4369 monachi:
818 4311 908 4371 Cretes
919 4315 966 4369 illc
978 4313 1049 4370 lte-
1103 4331 1165 4372 mus
1177 4318 1335 4388 descripsit,
1350 4323 1528 4375 sententiam,
1544 4321 1576 4376 Et
1587 4335 1652 4376 tero
1664 4321 1698 4376 de
1711 4321 1833 4384 cratete.
1848 4338 1903 4379 non

250 4385 345 4452 doner,
360 4385 437 4441 domo
463 4385 596 4458 quondum
618 4383 774 4448 ditissimus,
798 4401 857 4440 curn
874 4387 909 4440 od
929 4387 1049 4458 plriioro·
1103 4386 1227 4452 Socrate,
1244 4389 1790 4463 nocmountl’tntostratorttn.1,cap».
1808 4394 1854 4462 ill,
1867 4398 1903 4452 dc

248 4455 383 4529 picentium
399 4457 511 4512 Antenor
532 4467 661 4530 perpotet,
674 4472 795 4527 rrtopnnnt
808 4458 866 4510 nuri
882 4459 983 4524 ponder
1005 4458 1051 4512 at-
1105 4458 1172 4527 vit,
1186 4459 1290 4530 Apoll,
1301 4460 1434 4534 Diogenes
1448 4463 1540 4520 laaect.
1553 4464 1600 4518 tiu.
1613 4480 1651 4532 tu,
1664 4463 1830 4522 Plutarchus
1842 4471 1904 4543 περὶ

245 4531 309 4601 jecit
318 4546 327 4595 ,·
351 4543 398 4582 nco
412 4529 510 4602 pntnuit
528 4545 554 4583 rc
572 4525 649 4582 strnnl
662 4543 736 4600 posse
749 4541 773 4582 et
788 4527 893 4582 uirtutes
909 4538 934 4582 et
946 4529 1051 4584 diuitias
1105 4537 1153 4585 τοῦ
1167 4537 1203 4604 μή
1219 4531 1389 4603 δανείζεσθαι,
1406 4535 1550 4590 etulernnm
1564 4535 1673 4598 Suidns,
1689 4537 1823 4606 pittatium
1838 4554 1902 4592 rort-

252 4600 394 4670 posriderc.
417 4599 484 4654 ltem
507 4599 540 4653 ad
557 4597 760 4654 Pantmncltinm
785 4597 913 4654 chltitu
930 4599 1051 4656 Paulinae
1104 4605 1311 4660 temnendcrntn
1341 4621 1422 4675 opum
1447 4607 1580 4661 rationein
1613 4606 1738 4662 tennisse
1760 4608 1900 4666 Cratetetn

252 4672 365 4726 uxoris:
385 4669 416 4723 Et
433 4682 518 4724 tnntrn
537 4686 589 4726 non
608 4669 672 4724 sutis
701 4673 812 4740 perfecto
835 4681 858 4724 et
873 4683 1050 4726 consentnroto
1064 4665 1091 4726 D
1104 4673 1207 4729 tradit:
1236 4673 1301 4730 Cttnt
1327 4679 1396 4732 enim
1411 4679 1467 4747 ipsc
1491 4693 1570 4748 egros
1592 4679 1704 4732 incultos
1727 4681 1884 4736 deseruisset

251 4743 318 4804 niro,
335 4749 574 4824 opcsrontenrnerc,
586 4741 720 4813 perornent
735 4741 873 4809 dissipare,
889 4745 1053 4866 etssrojieere
1105 4745 1173 4798 edito
1194 4745 1251 4800 loro
1264 4765 1411 4810 conscenso.
1427 4748 1493 4803 dicit
1503 4765 1513 4803 .·
1525 4750 1655 4805 Cratetcm
1669 4747 1821 4806 Tomentum
1838 4727 1903 4807 Cro1

252 4813 542 4886 peodtnmontcntoct
559 4813 899 4884 perdictinucnt'tipotest.
942 4813 1052 4868 ecitltoc
1103 4823 1140 4870 tes
1154 4817 1271 4873 libertate
1285 4820 1375 4874 donat.
1390 4820 1516 4889 origenis
1532 4836 1608 4886 vero,
1635 4822 1691 4890 cui,
1716 4831 1746 4876 nt
1765 4821 1898 4894 diximus,

251 4886 339 4939 dritten
362 4881 511 4950 Tnodnnns,
522 4886 587 5008 [erit
603 4883 784 4948 nnttsttener,
802 4883 916 4953 fecerent
930 4886 1048 4956 plurimi,
1102 4886 1286 4960 llieronynrns
1301 4891 1394 4946 stricte
1419 4891 1563 4961 artnmret,
1578 4893 1712 4962 ejusmodi
1728 4895 1756 4948 in
1772 4895 1846 4950 ltrtnc
1861 4896 1902 4952 lu·

250 4972 315 5026 qrtoc
327 4957 506 5010 vitiosissimos
533 4972 638 5026 tgrrnns.
656 4953 722 5009 ltetn
734 4955 766 5008 ad
781 4954 911 5011 lucinum
931 4957 1049 5012 :durum
1101 4972 1164 5014 curn
1176 4975 1209 5016 ex
1226 4959 1315 5016 linctii
1330 4961 1558 5030 interpretatione
1583 4967 1720 5020 sententio
1746 4977 1788 5020 est
1805 4985 1812 5021 ι
1835 4967 1902 5022 Cru-

251 5029 379 5094 deponete
395 5027 570 5108 insipientium
584 5035 702 5108 est,·non
715 5027 896 5097 perlectorum.
915 5027 987 5082 Fecit
998 5029 1049 5083 ltoc
1100 5039 1177 5085 tetent
1201 5030 1354 5087 ttetnnom
1371 5035 1471 5102 ferrem,
1485 5051 1545 5088 cum
1565 5035 1693 5090 titertntir
1712 5040 1899 5107 consentiendo

250 5099 339 5152 Crates
355 5097 501 5164 Titehunuc,
517 5101 575 5167 [ortt
586 5095 757 5151 Anttrtlrenea.
772 5097 836 5152 item
849 5099 1049 5156 liltrosecundo
1102 5119 1182 5156 conso
1206 5119 1285 5175 perce
1304 5115 1326 5159 et
1346 5106 1482 5176 impolitos
1499 5107 1599 5160 uiuendi
1635 5112 1761 5163 notionem
1779 5110 1898 5180 iniisset,

251 5179 348 5224 conttu
361 5167 534 5224 louiniunnrn
553 5187 560 5220 ε
577 5167 609 5222 lit
623 5167 712 5222 Crator
726 5167 773 5222 ille
783 5167 921 5224 Thebanus
934 5175 1048 5244 projecto
1102 5188 1207 5246 serrone
1220 5174 1323 5230 dentum
1335 5175 1431 5232 Grecis
1449 5178 1489 5246 (nt
1500 5178 1605 5248 quidem
1630 5181 1720 5234 animo
1732 5180 1857 5254 finpelrnt)
1877 5192 1902 5236 et

249 5241 277 5294 r'n
287 5257 356 5295 ntorc
369 5257 420 5294 non
436 5255 513 5312 porro
524 5241 582 5292 anri
595 5241 727 5310 pondere:
741 5241 825 5304 Alite,
836 5241 929 5312 napoli,
943 5257 1047 5314 pessum
1102 5246 1201 5301 attilinr
1213 5246 1370 5318 indigentem
1384 5250 1423 5303 rei
1437 5259 1562 5318 proestnre
1576 5249 1662 5314 uellet,
1684 5238 1823 5306 distrn'etna
1844 5269 1902 5306 om·

251 5313 328 5366 nanim
342 5327 373 5366 cn
394 5311 506 5365 iditctes.
522 5307 579 5383 Ego
596 5326 639 5364 cos
656 5325 780 5383 nterptett,
802 5328 833 5366 nc
846 5312 902 5382 ipse
915 5329 1047 5385 rrumpere
1101 5331 1162 5383 tres,
1176 5335 1207 5372 or
1218 5317 1362 5373 divenditus
1373 5321 1527 5392 facultates,
1540 5319 1721 5376 Tlteltnnorum
1734 5326 1831 5394 populo
1842 5341 1901 5378 rro-

250 5383 329 5439 nodis.
383 5397 445 5438 nnn.
459 5411 495 5422 -
517 5381 615 5436 lltrum
632 5383 683 5436 ltoc
697 5385 777 5453 plane
802 5390 860 5450 est,
889 5385 915 5439 in
944 5389 1046 5441 nostris
1100 5403 1184 5459 gorne,
1198 5389 1341 5443 continet
1355 5393 1383 5444 id
1397 5391 1900 5464 predicasset:GrotetemirodieCrn·

249 5455 376 5510 otnniltus
391 5469 458 5510 mss.
476 5453 590 5522 aliisque
615 5453 821 5522 quatuordecim
837 5467 921 5525 penes
934 5456 1046 5512 Murtia-
1100 5468 1138 5513 tes
1151 5459 1266 5515 libertate
1279 5460 1370 5518 donet.

251 5541 352 5596 ncenm,
369 5527 427 5598 pari
448 5523 650 5596 depravationis
672 5539 825 5594 consensu,
854 5527 975 5584 Socrates
1002 5526 1045 5584 lric
1135 5529 1315 5602 ”Victorius
1366 5536 1469 5591 ondoet
1488 5537 1585 5592 mortni
1603 5537 1815 5610 decorruptionc
1842 5551 1899 5596 etc.

249 5598 313 5668 legi,
335 5612 382 5665 pro
405 5595 502 5679 Cretes:
529 5596 563 5652 lit
588 5593 726 5680 Victorius
754 5598 862 5680 quidem
890 5601 925 5654 ita
955 5613 985 5655 se
1006 5601 1044 5656 ait
1136 5602 1198 5658 ‘ln
1211 5551 1449 5663 duobussslatin.
1463 5611 1538 5681 quari
1553 5624 1645 5682 paruo,
1659 5620 1797 5682 expuncta
1813 5582 1836 5668 Ji
1849 5627 1899 5668 ro·

250 5667 410 5725 emendasse
425 5669 617 5724 Brixianorum
632 5667 756 5724 codteotn
774 5678 893 5738 monitu,
909 5672 952 5726 cni
966 5685 1042 5728 asse·
1095 5673 1167 5730 culn.

248 5738 340 5796 rendre
354 5739 505 5798 verissime
521 5739 631 5796 lectioni
646 5739 732 5796 multa
747 5739 902 5813 llieronpmi
924 5743 960 5799 de
973 5743 1040 5799 Cru-
1130 5742 1144 5784 ‘¹
1164 5744 1312 5818 Victorius,
1340 5748 1404 5807 Non
1419 5761 1532 5823 temporo
1551 5750 1687 5822 differente
1705 5751 1827 5824 Domino,
1851 5757 1898 5812 ned

248 5819 304 5868 tete
329 5809 486 5870 testimonla
506 5809 558 5868 lue
580 5811 714 5884 congerit.
740 5810 880 5884 Ejusmodi
905 5821 948 5874 est
970 5813 1036 5873 illud
1091 5816 1155 5890 pide,
1170 5825 1224 5876 ste.
