4000 6334
4 321 6 334 ’
108 333 138 392 ts
592 321 606 330 ‘
839 337 1037 398 rannessa.
1726 342 1759 400 n

111 445 221 528 adbuc,
237 452 338 514 etium
354 471 395 514 en·
409 459 438 516 ts
450 451 578 528 additis,
595 451 777 536 quibusdum
792 451 1031 529 assertionibus,
1045 452 1185 517 lucidius
1198 455 1375 536 scripseris,
1390 463 1427 521 ut
1440 457 1477 522 in
1494 455 1551 521 illo
1574 457 1643 521 loco
1657 479 1666 520 .·
1681 459 1762 520 Ecce

112 553 144 610 nt
157 547 239 613 iacta
253 559 306 621 esi
320 571 387 616 vox
401 555 603 618 salutationis
621 559 683 618 tusa
699 555 729 616 iu
747 555 879 616 ansitrus
897 555 990 631 rucis,
1009 556 1184 617 exstritavit
1197 555 1302 617 issinns
1318 557 1350 618 in
1365 565 1459 622 atero
1473 575 1545 620 meo
1560 578 1568 621 s
1586 557 1652 636 ubi,
1667 557 1762 635 dicis,

114 649 192 734 paud
207 669 278 742 uon
293 663 362 714 erat
374 655 434 725 isos
447 657 642 738 principium
655 655 836 718 susbstantia
851 657 928 736 ey'rss,
944 656 981 717 de
994 664 1049 718 tuo
1065 657 1231 732 addidisti,
1245 667 1346 736 atque
1360 665 1495 726 nature.
1507 660 1547 720 Et
1561 661 1658 738 pauiu
1669 666 1763 740 potis

115 749 157 811 ilc
169 749 230 834 yide
246 761 366 830 autem,
383 753 417 818 id
432 764 488 836 cst,
504 755 540 818 ds
555 755 711 820 lbinitote
727 773 794 816 curn
807 756 840 816 in
851 754 1024 834 aliquantis
1038 756 1116 818 iocis
1134 756 1227 820 aliter
1243 756 1424 832 invenisses,
1440 776 1508 838 pue
1521 757 1578 820 tibi
1592 759 1662 821 oisc
1673 767 1761 831 sunt.

114 857 357 936 praetermisisti.
376 859 533 937 Equidem
552 855 665 935 noble,
691 857 774 937 quod
799 857 929 920 Graecus
955 857 1036 918 desit
1061 857 1272 938 archetypus,
1298 857 1384 923 haud
1408 867 1456 922 est
1482 859 1668 937 expeditum
1695 874 1764 921 rem

116 957 255 1040 penitius
271 976 453 1039 agnoscere
469 967 637 1042 recteque,
654 964 685 1024 ct
701 957 813 1022 urdine
825 957 991 1037 judicare:
1012 959 1154 1020 oraxime
1171 977 1246 1020 reru
1260 977 1333 1022 cum
1353 959 1446 1036 nihii,
1464 961 1551 1040 qnod
1566 959 1764 1039 peculiarem

117 1057 200 1120 hanc
214 1059 432 1140 objectionem
449 1067 587 1142 spectat,
606 1071 738 1128 sanctus
759 1065 826 1144 ipse
847 1065 942 1126 Pater
959 1065 1078 1125 semoto
1093 1064 1287 1128 obtrectanti
1312 1067 1503 1143 reposuerit.
1528 1064 1635 1125 Nihilo
1660 1062 1765 1126 senine

117 1158 200 1238 quod
214 1160 281 1238 ait,
299 1162 510 1242 supposuisse
524 1161 757 1244 Hieronymum
774 1164 951 1236 nonrruila,
974 1165 1026 1224 uhi
1057 1161 1095 1222 de
1121 1162 1254 1224 loannis
1278 1164 1311 1224 in
1340 1163 1452 1226 Hatris
1476 1167 1570 1226 utero
1585 1162 1767 1228 exsilientia

118 1257 225 1320 anima
241 1276 351 1322 sermo
366 1261 444 1339 init,
461 1261 547 1342 quod
561 1279 626 1324 non
650 1271 715 1322 erat
740 1261 798 1324 isoc
821 1260 1019 1340 principium
1031 1258 1216 1324 substantioe
1231 1263 1316 1343 ejus,
1330 1265 1362 1324 et
1375 1261 1415 1324 de
1426 1281 1486 1325 suo
1500 1263 1659 1329 addidisse
1673 1272 1768 1344 utque

117 1365 260 1437 notura,
286 1367 345 1422 aut
371 1359 439 1422 nso
463 1360 601 1422 hominis
620 1361 791 1442 piusquam
808 1361 983 1424 Vatiniana
1001 1362 1184 1426 exercentis
1205 1363 1296 1437 odia,
1322 1364 1486 1428 calumnia
1510 1371 1577 1437 ert,
1601 1362 1769 1444 estquod

119 1459 279 1539 suspicari
292 1460 421 1535 malim,
434 1463 475 1524 ab
485 1461 739 1542 Hieronymioau
753 1463 931 1544 exemptari
947 1464 1074 1525 subiato
1087 1471 1163 1524 sunt
1177 1464 1380 1542 postmodnm
1393 1468 1557 1530 versatus
1567 1512 1577 1543 ,
1588 1483 1648 1530 seu
1660 1467 1768 1543 potius

120 1567 184 1626 tota
199 1564 353 1644 pericopa
369 1585 378 1626 s
396 1563 486 1627 oralia
501 1565 585 1626 euim
600 1570 649 1628 eet
661 1565 730 1645 ejus
746 1565 791 1628 rei
807 1567 879 1630 ruia
894 1573 950 1628 ant
966 1567 1135 1645 vestigium
1150 1568 1184 1630 in
1198 1567 1272 1630 totis
1284 1570 1430 1648 quinque
1444 1568 1583 1630 homiliis
1598 1568 1769 1645 areptiurs

120 1665 159 1728 ad
181 1665 423 1739 duodecimam,
443 1665 476 1726 in
493 1667 612 1746 quihus
629 1673 686 1730 aut
702 1683 744 1728 ex
761 1667 926 1746 proposito
945 1667 1112 1746 Evangelii
1127 1672 1216 1733 textu
1238 1674 1380 1748 poterat,
1394 1671 1451 1732 aut
1467 1682 1526 1746 pro
1540 1685 1576 1730 re
1590 1673 1666 1730 nata
1678 1665 1771 1747 ejus·

119 1768 204 1832 modi
220 1787 330 1834 sermo
346 1767 509 1832 incidisse.
525 1767 565 1829 Et
579 1773 684 1830 tamen
702 1769 745 1832 ita
759 1769 820 1830 sibi
835 1769 986 1832 universa
1005 1769 1162 1832 orationis
1176 1771 1278 1831 series
1292 1770 1448 1843 cohaeret,
1465 1775 1499 1831 ut
1513 1771 1583 1847 ipse
1597 1767 1769 1849 Origenes,

119 1871 238 1934 uadum
256 1869 326 1950 ejus
339 1873 501 1948 interpres
515 1871 557 1932 ab
573 1885 611 1932 ea
626 1887 661 1932 se
686 1869 904 1949 disputatione
923 1869 1108 1934 cohibuisse
1124 1870 1356 1937 videmussed
1371 1887 1478 1949 neque
1498 1870 1530 1930 in
1553 1869 1698 1944 ceteris,
1713 1870 1771 1932 oiri

120 1972 301 2054 peregrinis
316 1972 349 2034 io
365 1972 443 2034 iocis
459 1973 673 2037 Prmcursoris
692 1972 746 2034 iiie
760 1972 862 2034 saltus
877 1973 1043 2051 inuitatur,
1059 1975 1206 2036 invenire
1220 1983 1266 2036 est
1279 1988 1350 2038 eam
1366 1977 1558 2039 sententiam
1571 1996 1578 2036 :
1591 1982 1628 2036 ut
1641 1977 1771 2039 tandem

4 2157 5 2166 ἶ
121 2075 345 2148 subdubitarit
359 2071 599 2149 Titiemuntius,
614 2089 691 2134 uam
707 2070 757 2134 bre
774 2071 851 2150 ipssa
870 2073 950 2144 sitsi,
972 2090 1055 2149 «raas
1071 2074 1291 2154 Hieronymus
1305 2075 1421 2150 vertit,
1437 2074 1574 2136 helinus
1599 2075 1772 2155 suggillet,

120 2177 270 2240 Humilia
293 2174 444 2254 Origeuis
471 2172 503 2236 in
528 2173 661 2236 Lucam.
679 2173 798 2235 Verum
819 2173 909 2234 nulia
926 2172 996 2251 ejus
1021 2173 1233 2236 dubitationis
1250 2177 1299 2234 est
1320 2174 1419 2250 ratio,
1442 2169 1720 2236 consentientibus
1737 2176 1770 2236 in

119 2280 189 2361 ejus
211 2275 491 2357 interpretationis
514 2273 761 2356 germanitatem
785 2273 918 2352 reliquis
942 2273 1091 2336 orrrnibns
1116 2291 1190 2336 cum
1212 2274 1286 2335 iacti
1316 2273 1501 2354 adjunctis,
1528 2275 1772 2337 renueremus

120 2377 332 2444 monimentis
346 2393 386 2438 ac
402 2374 604 2440 testimoniis.
619 2374 690 2436 lam
705 2391 782 2436 vero
800 2381 938 2452 tempus,
956 2391 1021 2452 qao
1036 2374 1216 2436 versionem
1229 2374 1314 2437 trano
1328 2392 1422 2438 seam
1432 2376 1602 2441 adornavit
1613 2375 1647 2437 S.
1666 2377 1771 2450 Pater,

122 2482 293 2544 ioannem
312 2477 547 2556 octogesimum
571 2492 692 2537 nouum
716 2489 818 2552 supra
842 2473 1124 2550 trecentesimum,
1148 2475 1372 2552 coctusquam
1395 2482 1432 2535 ut
1456 2475 1554 2554 vulgo
1574 2476 1715 2550 obtinet,
1737 2477 1772 2537 in

122 2583 341 2660 superiorem,
354 2578 558 2659 conjecerim.
573 2577 668 2640 Hunc
683 2591 797 2657 nempe
812 2574 938 2638 videtur
955 2577 1022 2654 ipse
1036 2576 1179 2638 indicare
1192 2575 1225 2636 in
1235 2575 1402 2656 Cataiogu,
1419 2577 1474 2638 nbi
1488 2578 1598 2639 statim
1611 2594 1631 2640 a
1646 2578 1770 2658 iiidymi

124 2683 210 2747 libre
225 2681 265 2742 de
278 2680 400 2762 Spiritu
418 2687 549 2756 sanctu,
566 2695 662 2758 quem
680 2677 800 2754 pariter
817 2676 931 2738 Latina
946 2675 1122 2738 reddidisse
1140 2675 1200 2736 hec
1214 2691 1314 2750 aeno,
1329 2675 1570 2752 consuluimus,
1588 2677 1772 2738 sessionem

122 2785 207 2856 benc
224 2783 443 2848 Humiliarum
459 2785 628 2844 memorat.
644 2778 679 2842 id
699 2779 803 2860 ipsum
826 2778 933 2840 innuit
945 2783 976 2838 et
992 2777 1241 2857 praecedentia·
1268 2777 1416 2855 proxime
1439 2775 1582 2856 Operum
1606 2780 1723 2852 series,
1740 2783 1774 2841 at

122 2887 286 2968 precipue
304 2884 343 2946 de
358 2865 464 2958 Locis,
480 2888 511 2944 ct
528 2882 566 2944 de
578 2879 747 2945 Hebraicis
762 2879 952 2940 Numinibus
967 2879 1057 2954 iibri,
1076 2892 1158 2956 quos
1173 2879 1212 2941 ad
1228 2878 1429 2957 superiorem
1441 2877 1658 2941 aeetirtmos
1670 2884 1774 2960 perti-

122 3005 212 3052 nere.
229 2989 367 3050 nemum
384 2985 470 3064 quod
483 2985 617 3064 ipsemet
631 2982 663 3044 in
675 2982 810 3064 prologo
826 2979 961 3059 hujusce
977 2979 1256 3057 interpretationis
1271 2985 1420 3053 testatur,
1435 2981 1675 3043 Prutsrmisisss
1688 2999 1775 3062 pots-

122 3089 223 3158 luiusn
237 3089 472 3156 Hebraicoruns
485 3085 699 3162 Quaestionum
712 3080 822 3155 libros,
835 3090 870 3142 ut
884 3080 925 3142 ad
939 3078 1110 3142 arbitrium
1123 3079 1231 3141 Paula
1245 3087 1274 3140 ct
1295 3079 1465 3142 Eustachii
1487 3080 1656 3144 lucrativis
1671 3082 1775 3163 operis

121 3189 198 3264 tos,
213 3188 553 3270 qualiacumqussunt,
571 3197 719 3254 murus,
744 3179 798 3242 sed
823 3179 925 3244 olisna
946 3179 1094 3244 dictaret.
1119 3180 1192 3255 Quo
1216 3179 1347 3257 quidem
1369 3180 1405 3241 io
1432 3182 1504 3244 ioco
1526 3181 1650 3246 iaiiitur
1673 3183 1776 3245 Titie*

124 3290 271 3354 mondus
284 3286 465 3366 splendide.
480 3299 554 3347 cam
572 3283 633 3346 heo
646 3279 717 3360 ipsa
732 3279 771 3342 de
783 3293 883 3342 caasa
899 3277 1152 3357 indiligentiam
1168 3277 1235 3338 suis
1253 3278 1458 3341 recensendis
1480 3277 1520 3341 ad
1532 3283 1635 3343 utatis
1650 3297 1777 3360 praero-

126 3389 267 3468 gativam
279 3384 428 3465 seriptis,
442 3384 676 3463 Hieronymum
687 3385 818 3442 accuset
828 3421 837 3452 ,
849 3377 936 3457 quod
952 3378 1100 3456 pluribus
1115 3377 1291 3456 interjectis
1306 3385 1377 3458 post
1389 3379 1589 3454 Quaestiones
1600 3383 1776 3448 Hebraeos,

125 3492 158 3552 in
174 3487 319 3554 Genesin
335 3487 441 3561 tibris,
457 3485 553 3548 hasce
568 3485 694 3545 densum
708 3480 867 3542 Homiiias
883 3497 948 3540 non
967 3497 1028 3542 suo
1043 3480 1113 3541 ioco
1130 3487 1293 3560 supputet.
1311 3483 1352 3541 At
1374 3499 1448 3545 cum
1471 3481 1517 3547 ait
1536 3482 1773 3566 Hieronymus,

125 3591 328 3666 Questiones
356 3582 533 3649 Hebraicas
561 3603 596 3646 se
622 3582 791 3664 paululum
820 3579 1049 3651 intermisisse,
1076 3585 1110 3641 nt
1139 3579 1227 3647 hisce
1245 3583 1494 3660 interpretandis
1519 3603 1561 3647 er
1585 3587 1774 3653 Adamantio

127 3695 281 3755 vacaret:
302 3688 369 3769 jam
387 3705 463 3760 oon,
483 3692 517 3748 ut
534 3685 615 3748 laiso
639 3684 865 3745 ‘tillemontius
891 3686 999 3762 putat,
1022 3681 1222 3756 Quaestiones
1248 3682 1426 3746 Hebraicae
1448 3688 1481 3746 in
1506 3686 1647 3750 Genesin
1674 3690 1776 3770 dixit,

127 3807 208 3870 quas
232 3787 356 3870 pridem
384 3780 591 3865 vulgaverat,
610 3781 666 3845 sed
690 3783 794 3859 ἁπλῶς,
816 3777 1032 3857 Quaestionum
1055 3777 1285 3842 liebroioorum
1301 3781 1422 3856 libros,
1449 3793 1525 3863 puta
1555 3790 1589 3848 iu
1616 3791 1776 3869 reliquam

126 3893 343 3973 Scriptorum,
362 3889 448 3969 qnod
461 3905 542 3966 opos
556 3887 611 3950 diu
628 3904 693 3964 pra
707 3873 856 3946 monibus
875 3883 1006 3958 instruit,
1032 3889 1064 3943 et
1089 3883 1193 3962 iunges
1218 3901 1317 3947 morer
1331 3887 1424 3950 tuoto
1447 3888 1585 3953 tortasse
1601 3893 1698 3955 ctiam
1722 3914 1777 3958 re-

126 3997 224 4075 spuit.
241 3993 312 4056 Hoc
329 4009 407 4054 vero
420 3976 685 4052 thimadteriisse
698 3982 941 4047 Titiumuntium
956 3997 1088 4046 necesse
1104 3991 1184 4057 erat,
1202 3998 1242 4047 ue
1257 3985 1342 4064 quod
1360 3986 1465 4051 iacere
1477 3995 1576 4066 amat,
1592 3991 1777 4075 diligentis-

127 4099 243 4161 simum
258 4097 447 4174 scriptorem
467 4093 626 4153 immerito
640 4089 851 4168 redargueret
868 4086 1014 4148 inaurire.

166 4199 312 4264 Gradum
326 4197 402 4258 hinc
418 4194 550 4257 iacimus
567 4192 605 4255 ad
620 4186 873 4252 Commentarios
892 4187 923 4245 in
938 4192 1080 4266 quatuor
1094 4185 1182 4248 Pauli
1197 4184 1377 4264 Epistulas,
1393 4185 1427 4248 in
1442 4205 1523 4266 quas
1538 4191 1668 4269 scripsit
1683 4196 1779 4260 uni„

128 4303 158 4364 S.
172 4305 281 4379 Pater,
297 4293 586 4378 recognoscendas.
603 4291 807 4354 aberrabant
819 4283 940 4350 scilicet
952 4285 977 4350 ι’
990 4300 1065 4354 vero
1082 4285 1287 4366 longissime,
1302 4289 1358 4365 qui
1378 4296 1478 4350 totam
1501 4291 1600 4356 tuisse
1621 4297 1678 4357 abs
1693 4298 1778 4362 Hie..

127 4420 265 4485 runymu
277 4398 469 4478 Apostolum
484 4390 729 4457 Commentariis
746 4389 953 4450 illustratum.
968 4384 1034 4464 iam
1059 4386 1131 4447 inde
1149 4402 1168 4446 a
1185 4386 1378 4449 Cassiodorii
1396 4394 1488 4452 rotate
1512 4392 1659 4456 arbitrati
1676 4405 1777 4464 surii:

127 4505 211 4568 unde
229 4503 283 4564 hic
298 4501 353 4564 dtu
369 4497 572 4574 multumque
586 4493 618 4554 in
632 4489 765 4570 reliquis
792 4485 1015 4567 perquirendis
1039 4485 1159 4549 trustra
1180 4486 1358 4550 desudavit.
1378 4488 1545 4566 imposuit,
1561 4493 1689 4571 opinor,
1706 4501 1777 4560 sta-

127 4590 225 4668 tionis
246 4603 323 4664 siris
339 4600 429 4662 iocus
445 4597 498 4658 iiie
517 4592 642 4674 prologi
657 4589 789 4653 atterius
804 4584 878 4649 iibri
894 4588 924 4646 iu
940 4583 1041 4666 Epist.
1061 4583 1099 4647 ad
1116 4584 1283 4662 Ephesios,
1304 4587 1357 4646 ubi
1377 4588 1525 4649 absolute
1541 4589 1585 4650 ait
1600 4591 1630 4651 S.
1647 4590 1776 4673 tinctor,

127 4707 225 4772 Ponti
239 4701 408 4784 Epistulas
420 4713 571 4760 conamur
583 4708 737 4771 exponere
753 4709 763 4750 .·
778 4705 816 4750 ac
830 4687 867 4748 de
878 4687 1038 4749 ninivensis
1055 4686 1172 4748 dicium
1186 4693 1392 4762 acceperunt,
1406 4688 1492 4764 quod
1506 4688 1558 4749 iiie
1570 4691 1609 4752 de
1621 4692 1670 4755 his
1683 4697 1778 4757 niodo

128 4825 208 4888 quas
226 4805 366 4868 habebat
392 4818 458 4880 pree
481 4795 647 4864 manibus,
661 4789 753 4852 dixit.
771 4787 949 4848 incesserit
964 4786 1004 4846 ad
1021 4782 1165 4845 trondem
1182 4781 1360 4846 taciendam
1383 4783 1463 4846 iaiso
1478 4785 1510 4846 in
1526 4791 1667 4867 antiquis
1687 4793 1777 4858 tibris

128 4911 328 4988 Hieronymo
337 4902 495 4980 ascriptus
505 4891 791 4962 Commentariusin
801 4903 903 4950 omnes
914 4886 1009 4948 Persii
1018 4884 1196 4966 Epistulas,
1205 4885 1261 4949 itia
1270 4904 1342 4964 ‹yuee
1353 4885 1447 4948 estad
1459 4887 1751 4973 Hebraeosexcepta
1765 4921 1773 4958 ς

128 5015 213 5096 quod
226 5018 336 5074 tamon
352 5007 442 5084 Opus
457 5006 579 5064 tantum
594 4998 684 5061 abest
704 5000 738 5056 ut
754 4992 954 5072 Hieronymi,
969 4991 1049 5070 quin
1068 4990 1164 5051 immo
1178 4991 1221 5051 sit
1232 4990 1438 5052 intensissimi
1457 4993 1528 5071 ey'us
1541 4993 1641 5056 hostis
1657 4998 1777 5078 Pelagii

129 5115 242 5182 actarii
259 5105 495 5178 iracresiarcbae,
507 5102 599 5182 cujus
613 5100 651 5160 ad
668 5096 889 5160 declinandam
906 5091 1059 5159 invidiam
1075 5093 1526 5174 nominis,Hieronymianum
1541 5099 1779 5163 substituerunt

129 5217 266 5291 librarii,
280 5227 422 5294 quorum
441 5212 472 5268 et
487 5201 727 5266 vendihiiiorem
752 5213 822 5258 esse
837 5209 977 5264 mercem
1004 5193 1167 5256 intererat.
1185 5193 1243 5254 Sed
1258 5194 1446 5272 jamdudum
1465 5195 1576 5258 icaudc
1591 5199 1725 5272 detecta,
1745 5204 1778 5264 in

128 5329 326 5405 postremum
343 5319 465 5374 tomum
481 5308 564 5368 inter
579 5299 783 5380 supposititia
797 5294 1005 5360 amandatum
1023 5298 1083 5371 est,
1097 5313 1219 5373 erosqne
1238 5295 1279 5356 ibi
1296 5313 1356 5355 suo
1370 5299 1608 5362 recensebimus
1626 5301 1710 5364 loce.
1721 5305 1778 5368 His

129 5424 225 5504 igitar
248 5423 393 5497 quatuor
408 5410 566 5471 duntaxat
589 5401 787 5481 explicandis
805 5397 996 5464 industriam
1017 5413 1109 5456 suam
1126 5396 1272 5474 probavit
1292 5395 1521 5477 Hieronymus.
1539 5401 1587 5461 Ab
1608 5419 1646 5463 ea
1667 5413 1777 5468 tristem

129 5541 199 5604 quae
215 5519 334 5584 ultimo
350 5514 425 5575 ioco
438 5513 508 5570 crat
522 5505 561 5568 ad
579 5503 811 5573 Philemonem,
827 5499 954 5560 initiam
972 5496 1130 5559 scribendi
1153 5496 1234 5561 tecit.
1250 5499 1286 5555 nt
1299 5515 1419 5558 rnorem
1434 5499 1541 5562 Paulae
1555 5507 1583 5562 et
1599 5501 1776 5570 Eustochio

129 5631 276 5711 gereret:
293 5636 381 5700 quta,
398 5618 433 5676 ut
447 5613 515 5695 ipsc
527 5609 623 5672 tradit
639 5603 748 5687 primis
764 5601 992 5666 Commentarii
1014 5599 1131 5674 verbis,
1148 5604 1349 5660 recusantem
1363 5618 1398 5663 se
1413 5601 1532 5663 obnixe
1545 5603 1576 5663 in
1592 5605 1682 5667 Pauli
1700 5609 1778 5691 Epis

129 5732 227 5796 stolas
239 5725 398 5792 seribere,
413 5715 521 5780 soitsrn
534 5717 716 5795 persumet
730 5715 843 5789 quaest
857 5707 985 5768 numero
1001 5720 1155 5780 cerretum,
1173 5701 1219 5763 ito
1228 5719 1320 5764 sensu
1332 5722 1453 5785 quoque
1470 5712 1499 5765 et
1512 5707 1623 5770 ordine
1634 5711 1776 5780 ,oidebm

129 5831 181 5900 int
194 5836 350 5902 extremo,
363 5825 403 5886 ut
414 5813 588 5896 dissereret,
602 5817 779 5896 coeperunt.
793 5811 930 5892 Brevem
940 5805 1089 5905 *iibeiiups
1105 5821 1183 5886 aaa,
1198 5811 1236 5883 ut
1250 5821 1308 5887 par
1324 5811 1374 5873 esi
1386 5809 1531 5903 eredere,
1545 5807 1775 5890 lucubratiun-
