4000 6334
243 248 294 313 au
321 206 323 211 ’
662 242 837 307 mnsantr
856 244 903 303 so
917 244 1040 305 rouuu
1058 240 1235 303 sorrtsua
1252 238 1283 303 s.
1305 234 1509 303 utusomtu.
1843 228 1892 294 ιιι

246 364 380 424 lirasmus
393 372 421 423 et
434 363 574 421 llariauus
585 360 724 421 Victorius
737 371 832 419 sancto
845 362 952 418 doctori
968 361 1131 426 attribuunt,
1146 358 1268 431 integras
1282 358 1472 417 enarrationes
1481 355 1523 416 illi
1536 354 1684 413 attributas
1697 348 1808 419 relerri,
1819 363 1892 420 repe

243 458 346 513 rimus.
360 454 433 513 Nihil
446 470 497 528 ego
509 453 598 511 dicam
613 455 685 525 quod
701 454 769 511 irriso
784 454 926 510 Erasmum
942 465 991 524 pro
1011 448 1143 507 Breviorii
1156 458 1297 509 assertore
1309 449 1355 507 bic
1374 449 1488 507 laudant
1510 466 1517 505 r
1536 447 1602 507 illud
1617 462 1684 505 uero
1696 442 1891 511 contenderim,

241 552 280 608 ita
295 559 411 623 spuatuor
423 549 505 607 bosce
520 555 652 605 tractatus
664 546 797 605 Hilarium
814 557 957 605 auctorem
973 562 1029 603 non
1041 542 1156 618 babere,
1177 556 1208 607 ut
1220 548 1341 621 reliquos
1356 562 1453 608 omues
1463 554 1541 605 certo
1554 545 1659 604 scimus
1678 542 1789 602 mersuri
1799 542 1892 599 fliero-

242 658 369 716 npmurn.
390 639 466 698 Nulli
486 655 540 696 non
564 646 676 711 pateant
690 638 750 711 ejus
774 636 814 695 rel
832 646 991 711 nigromonte
1010 652 1045 695 ex
1059 637 1181 710 ipsorum
1197 639 1317 698 lectione
1331 647 1496 697 tractatuum
1508 638 1668 711 repetenda,
1689 638 1711 694 si
1722 651 1785 693 cnm
1800 631 1892 691 ililarli

239 735 415 797 sermonibus
428 732 616 791 conferantur.
638 731 710 790 Satis
725 747 791 789 uero
810 732 858 801 sit,
877 742 906 788 ut
922 730 1093 805 proposita·
1107 740 1232 801 teneam,
1248 741 1330 805 atque
1344 731 1502 802 eserniam,
1518 731 1589 792 sibit
1604 747 1667 789 esse
1681 730 1755 788 aliod
1775 728 1891 788 eodem

240 829 482 904 aquicinctensem
493 840 573 895 quarn
587 824 790 898 Hieronymiani
805 824 968 881 breviatoris
983 824 1067 897 paolo
1077 824 1217 883 diversum
1232 826 1390 901 exemplar,
1408 825 1471 883 illas
1489 840 1560 899 quas
1578 823 1725 897 proiemot
1740 836 1792 895 pro
1803 836 1892 879 eornm

240 928 405 979 tractatuum
416 920 597 992 germanitate
610 933 707 976 causae
722 918 812 976 obiter
825 914 1000 990 expendisse.
1015 918 1150 989 Quotam,
1165 915 1306 993 inquiunt,
1323 920 1385 978 istae
1402 916 1608 986 ennarrationes,
1626 932 1694 989 quas
1713 916 1830 974 necdum
1842 913 1894 972 sul

239 1020 318 1087 gatos
337 1011 364 1068 in
376 1011 471 1069 codice
487 1010 537 1067 illo
562 1011 729 1081 reperimus,
751 1008 877 1066 ineditis
894 1010 988 1067 llilaril
1003 1011 1133 1083 operibus
1150 1010 1353 1070 desiderantur.
1372 1010 1625 1071 autmadrerunms
1638 1020 1771 1084 preterea
1797 1010 1825 1066 in
1842 1008 1894 1065 iilis

237 1100 337 1161 Hilarii
352 1105 378 1162 in
393 1105 541 1163 scribendo
552 1104 709 1161 methodum
722 1105 908 1173 obseruatum,
920 1106 1022 1177 stylum
1037 1102 1110 1178 ejus,
1123 1103 1496 1179 Soriptmeqnosersiooem
1517 1104 1735 1179 antiquissimam
1751 1122 1759 1160 r
1774 1104 1894 1177 nihilque

239 1200 309 1257 adeo
319 1200 484 1258 incommodi
497 1201 584 1258 risum
598 1208 650 1265 est,
672 1199 695 1255 si
715 1214 762 1255 eas
777 1198 881 1256 ililario
895 1198 1118 1257 attribuercmos.
1138 1199 1226 1258 secus
1239 1200 1298 1257 bec
1311 1207 1373 1258 erat
1389 1200 1510 1257 ineunda
1529 1200 1618 1267 ratio;
1639 1199 1805 1271 colligerent
1824 1201 1892 1257 enim

237 1288 311 1347 baud
328 1292 424 1362 probe,
438 1290 461 1346 si
473 1300 591 1363 quatuor
606 1289 659 1347 illae
670 1289 813 1345 dumtaxat
823 1290 858 1345 ab
872 1289 1012 1347 llilariano
1029 1293 1229 1349 commentario
1241 1291 1414 1350 excidissent
1429 1308 1511 1349 :narn
1529 1302 1558 1348 ut
1573 1302 1677 1349 tanturn
1693 1292 1777 1365 pauni
1787 1294 1893 1362 adsuas,

236 1392 368 1458 quantum
384 1383 537 1441 sarciendae
550 1384 620 1441 sesti
634 1397 704 1454 opus
719 1382 812 1450 luerit,
827 1396 882 1438 nou
897 1380 966 1440 adeo
990 1382 1024 1439 llt
1037 1382 1104 1441 illud
1116 1382 1240 1457 ejusdem
1265 1400 1298 1442 ac
1310 1382 1415 1458 reliqna
1426 1386 1511 1443 restis
1522 1394 1639 1444 tertosae
1662 1398 1696 1443 ac
1709 1383 1792 1442 lane.
1817 1384 1891 1443 lianc

234 1492 302 1536 sero
314 1490 377 1535 cum
393 1478 481 1535 multo
496 1477 599 1550 plures,
615 1476 674 1533 siue
686 1475 714 1533 in
725 1473 882 1549 quindecim
893 1474 964 1531 alios
977 1474 1100 1547 psalmos
1112 1476 1300 1548 expositiones
1313 1476 1411 1533 llilarli
1422 1476 1521 1544 dealot,
1531 1490 1593 1549 qne
1602 1475 1630 1533 ln
1644 1490 1680 1535 eo
1690 1484 1786 1533 umen
1800 1492 1892 1534 omnes

235 1582 300 1632 suut
314 1570 411 1631 codice
424 1572 497 1629 fluxe
512 1570 594 1629 nimis
606 1582 728 1645 arguant
742 1586 776 1630 ex
792 1584 827 1629 eo
842 1570 964 1642 delecto,
989 1572 1147 1647 iaciuntque
1171 1588 1239 1633 sane
1253 1588 1305 1647 pro
1323 1572 1452 1645 arbitrio,
1474 1589 1529 1632 non
1543 1574 1578 1631 ad
1600 1572 1704 1632 oodlcis
1725 1572 1820 1643 idem,
1835 1592 1892 1634 cum
1983 1610 1985 1615 =

233 1668 313 1728 bisce
325 1676 354 1727 ct
367 1668 476 1727 ceteris
492 1664 644 1739 repudiatis
659 1667 804 1734 omnibus,
818 1662 881 1723 illas
896 1666 1064 1726 erisciseuot.
1083 1666 1153 1725 'lota
1170 1666 1218 1725 illa
1238 1666 1422 1742 pseudougmi
1444 1667 1565 1727 auctoris
1579 1664 1708 1725 collectio
1722 1676 1789 1725 est:
1814 1670 1893 1741 etqui

234 1758 348 1836 genuini
364 1770 497 1817 tractatus
507 1760 535 1817 in
551 1758 691 1815 llilarisoa
703 1758 825 1816 editione
836 1768 979 1832 supemut,
992 1762 1027 1816 ab
1040 1762 1083 1817 bis
1097 1758 1145 1833 qui
1161 1760 1188 1817 in
1201 1763 1254 1819 bac
1264 1773 1328 1818 sunt
1342 1760 1518 1831 collectione,
1530 1760 1663 1820 recedunt
1677 1762 1800 1820 immane
1812 1778 1894 1834 quau

234 1865 305 1912 tum.
319 1856 364 1925 nt,
389 1868 458 1927 quas
468 1852 626 1924 repudiant,
641 1850 788 1909 maottesto
803 1860 913 1910 curtatas
923 1850 1129 1927 llierouymiani
1143 1852 1378 1912 consarcinatoris
1388 1868 1450 1913 esse
1462 1870 1498 1913 ex
1508 1852 1661 1921 iireriario,
1674 1854 1702 1913 in
1715 1870 1771 1927 qno
1785 1854 1892 1915 totidem

236 1950 381 2024 descripta
397 1956 461 2005 sunt
475 1944 591 2006 verbis:
608 1947 746 2004 nonnulle
758 1944 841 2005 etiam
856 1944 959 2004 exiliis
976 1948 1099 2019 quadarn
1125 1948 1279 2018 continent,
1303 1946 1400 2006 ililnrli
1413 1962 1472 2006 ero
1484 1958 1567 2021 atque
1585 1946 1697 2022 ingenio
1711 1964 1766 2007 non
1779 1964 1895 2009 eonsen-

237 2053 340 2109 tanaea;
357 2040 514 2101 econtrario
527 2054 596 2114 quas
609 2038 747 2113 recipiunt
758 2046 887 2108 quatuor,
903 2049 929 2097 et
941 2040 975 2097 ab
990 2038 1035 2098 bis
1054 2056 1116 2115 qoae
1131 2041 1158 2099 in
1174 2040 1287 2117 uulgato
1300 2042 1444 2101 Breriario
1459 2042 1606 2113 habentor,
1620 2060 1736 2115 prorsus
1756 2044 1819 2103 aliae
1834 2055 1894 2102 sum

235 2136 407 2207 ecdlverse,
422 2146 450 2195 et
469 2150 484 2194 a
503 2136 683 2193 Pictariensis
703 2134 826 2207 episcopi
847 2134 919 2208 stylo
932 2136 1100 2211 ingenioque
1114 2154 1168 2196 uon
1189 2137 1334 2197 dissident.
1356 2138 1492 2197 Nimirum
1507 2138 1562 2198 boc
1575 2150 1620 2200 est
1638 2140 1742 2215 ipsum,
1755 2144 1830 2217 quod
1847 2160 1893 2202 uos

238 2228 325 2302 magis
340 2236 443 2296 nrovet,
458 2236 488 2284 ut
502 2228 671 2286 eontrarium
684 2238 811 2300 puteanus
826 2242 858 2285 ex
872 2228 1055 2300 ipsorummet
1074 2234 1244 2305 argumentis
1257 2234 1455 2309 colligendum.
1468 2236 1536 2294 Nam
1550 2236 1574 2295 si
1582 2252 1651 2311 opus
1666 2254 1749 2297 omne
1761 2240 1893 2313 reliquom

237 2334 401 2399 personatus
415 2330 512 2381 auctor
526 2322 740 2390 corrsarcinarit,
753 2338 805 2380 car
819 2337 873 2379 nou
891 2334 919 2381 et
932 2333 1049 2398 quotuor
1066 2322 1144 2398 ipsos
1163 2333 1308 2398 tractatos,
1331 2338 1386 2385 mm
1413 2330 1489 2404 longi
1511 2331 1607 2404 operis
1629 2345 1697 2390 sese
1718 2334 1892 2409 perexiguam

237 2426 344 2490 partem
356 2418 368 2471 l
382 2414 450 2485 Quis
460 2414 513 2471 sibi
525 2414 552 2470 in
566 2412 689 2471 animum
699 2412 823 2478 inducat,
838 2428 901 2471 cnm
912 2428 974 2471 cum
989 2421 1091 2471 caetera
1106 2418 1197 2474 omnia
1211 2432 1247 2475 es
1260 2418 1346 2477 uariis
1355 2418 1468 2477 Patmm
1480 2424 1633 2493 segmentis
1647 2424 1801 2499 collegerit,
1818 2425 1890 2498 istos,

236 2506 367 2574 somiein
384 2505 564 2575 descripsisse
579 2518 612 2561 ex
632 2504 748 2575 llliario,
771 2504 895 2576 ninilque
918 2506 1072 2562 immutatis
1091 2508 1238 2564 sententiis
1256 2517 1304 2566 eut
1322 2511 1425 2580 mnus,
1450 2513 1561 2571 centuni
1579 2530 1631 2572 sno
1645 2516 1815 2576 adteruisse.
1830 2518 1894 2577 sur
1983 2583 1984 2586 Ἴ

234 2600 319 2673 igitur
334 2598 506 2656 iniereudum
530 2599 582 2654 boc
602 2596 693 2668 potios
714 2596 798 2653 modo
813 2616 820 2652 :
838 2596 866 2654 Sl
891 2600 1031 2655 nonnulle
1049 2600 1110 2672 ejus
1129 2604 1321 2660 commentarii
1335 2616 1440 2673 narses,
1460 2606 1535 2679 quod
1555 2608 1591 2667 ab
1604 2608 1703 2667 liilarii
1722 2612 1892 2685 temporibus
1983 2595 1984 2672 ᾗ

231 2690 380 2749 manifesto
394 2688 544 2757 abludunt,
562 2686 602 2743 illi
616 2686 716 2744 ascribi
730 2688 845 2744 omnino
860 2702 915 2744 non
928 2699 1056 2760 possunt,
1077 2690 1161 2749 nullae
1178 2704 1242 2749 sunt
1256 2710 1318 2767 qua·
1329 2696 1394 2769 iure
1402 2700 1558 2772 meritoque
1577 2700 1692 2759 vestiant
1703 2702 1733 2759 iu
1748 2704 1809 2776 ejrss
1824 2708 1890 2763 scri·
1983 2749 1984 2774 ,

238 2786 364 2857 ptionam
377 2795 502 2839 cenetam.
521 2780 608 2837 tilitas
619 2792 675 2836 nnn
687 2786 808 2852 quatrrm
819 2790 925 2837 tantum
947 2780 1080 2854 homilis,
1094 2786 1144 2843 sed
1155 2788 1179 2843 si
1192 2804 1254 2858 que
1267 2790 1329 2848 alire
1342 2804 1478 2865 praeterea
1498 2804 1575 2865 sont,
1590 2812 1650 2869 quae
1663 2798 1735 2856 albi
1748 2800 1785 2859 ab
1799 2800 1892 2860 Haterii
1983 2815 1984 2866 ι

238 2890 299 2935 mro
314 2878 476 2943 dissideant,
489 2888 539 2947 pro
554 2874 703 2930 llilariauis
715 2880 797 2931 crunt
807 2877 943 2932 continuo
963 2876 1107 2946 habenda,
1128 2896 1217 2955 eoque
1228 2892 1308 2955 pacto
1326 2884 1492 2959 umorquae
1508 2888 1621 2947 dubium
1637 2903 1691 2961 est,
1716 2908 1783 2950 nont
1805 2894 1893 2953 Picta·
1983 2873 1984 2908 ³

241 2972 345 3030 niensis
364 2972 512 3045 episeopus
534 2968 684 3042 aliqnando
708 2965 820 3039 llrdcrit,
845 2968 943 3028 alienus
964 2971 1169 3033 locrrbrationcs
1189 2978 1334 3037 sufficient.
1355 2980 1434 3054 Quod
1455 2994 1545 3042 autem
1566 2998 1684 3061 quatuor
1706 2988 1762 3047 itte
1784 2992 1891 3063 penitus

239 3066 356 3124 diuersae
378 3063 414 3121 ab
439 3063 473 3119 iis
495 3060 562 3129 sint,
578 3074 646 3133 quas
669 3059 877 3133 llieronynriani
888 3064 1076 3135 compilatoris
1099 3066 1271 3129 liresiarium
1290 3072 1414 3146 erbibet,
1433 3076 1505 3135 nihil
1519 3092 1571 3151 pro
1594 3080 1699 3138 llilario
1717 3082 1798 3141 iacit.
1819 3086 1886 3145 Sunt
1983 3067 1985 3087 ἰ

238 3161 380 3217 emmim
403 3157 505 3227 passim
525 3154 649 3225 lilim,
668 3164 698 3211 fii
714 3155 848 3226 linimus,
872 3158 933 3229 ejus
946 3159 1010 3218 iibri
1024 3164 1203 3235 emptionis,
1216 3168 1302 3236 idone
1316 3171 1442 3231 solemne
1455 3182 1498 3231 est
1510 3174 1646 3246 ejttsuredi
1663 3178 1886 3239 lucubrationum

233 3253 376 3329 symbolis,
396 3259 428 3306 ut
443 3260 495 3321 pru
511 3260 564 3304 stau
577 3250 696 3321 quisque
718 3248 805 3307 iubila
826 3252 871 3309 sci
892 3254 1043 3311 orationem
1057 3255 1203 3315 nonnosus
1216 3259 1251 3318 sai
1271 3262 1414 3337 populum,
1437 3266 1481 3325 uei
1501 3270 1553 3326 sibi
1579 3270 1750 3331 conflaturus
1772 3275 1890 3334 wfficgm

233 3342 492 3405 commentariorum
514 3341 542 3396 in
562 3338 697 3410 Psalmos,
714 3344 859 3401 nounnlles
869 3352 1004 3402 mactatus
1016 3360 1053 3403 er
1064 3348 1128 3405 aliis
1148 3353 1304 3412 auctoribus
1317 3354 1488 3430 decerperet,
1502 3360 1619 3435 aliisque
1632 3364 1798 3426 mauranus
1810 3368 1892 3427 ingr.

233 3441 362 3515 pollaret.
384 3436 500 3493 Fifflm
514 3434 582 3491 ’Μ
596 3450 628 3491 ³⁰
643 3435 702 3492 ¹⁹⁸²
714 3438 833 3495 iiim
846 3452 956 3511 quoqne
969 3448 1014 3498 0⁵2
1025 3452 1245 3513 argumentarere
1271 3448 1365 3521 stylo:
1383 3466 1446 3507 nam
1464 3452 1517 3510 etsi
1536 3453 1663 3513 darenrus
1686 3468 1835 3535 utcumque
1856 3464 1891 3519 ab

232 3534 374 3593 llilariaue
385 3532 527 3587 minimum
539 3530 702 3599 amouere,
716 3530 788 3589 lsaud
801 3546 869 3589 sene
882 3534 961 3605 pauci
980 3534 1169 3594 aliitraotatos
1180 3550 1247 3595 som
1267 3556 1352 3611 penas
1371 3544 1612 3621 llierouymiooum
1630 3552 1888 3625 corrsarciuatorem,

238 3640 307 3701 quos
325 3638 406 3683 uento
426 3620 567 3679 bominum
588 3622 692 3679 iliius-io
714 3624 841 3681 tribuas:
866 3628 1010 3684 tamenab
1030 3628 1144 3686 istorum
1159 3642 1276 3705 mutuor
1293 3637 1404 3709 ingenio
1423 3654 1456 3697 ac
1472 3642 1651 3703 rnctbodoue
1672 3648 1757 3705 lature
1781 3650 1887 3722 quidem

233 3734 349 3793 unguem
362 3716 503 3775 recedant.
520 3716 622 3787 Nesope
634 3726 665 3772 ut
688 3718 801 3774 aliorum
817 3718 926 3775 Petrum
946 3720 984 3777 ita
995 3730 1027 3779 et
1049 3722 1146 3781 liilarii
1171 3740 1310 3801 ιιμιιιιιιι
1330 3740 1447 3807 uterque
1457 3742 1591 3795 tractator
1601 3740 1733 3813 expllarit
1747 3742 1813 3801 :ille
1825 3746 1887 3801 ilri-

230 3826 328 3887 geueua
340 3812 367 3867 iat
377 3824 425 3867 sun
437 3808 585 3877 smnuulit,
598 3808 722 3881 sistique
739 3812 840 3866 nsirsrm
852 3812 941 3869 sicarii
955 3812 1030 3872 lianc
1037 3816 1172 3889 iilumque
1184 3821 1339 3879 redotesnr,

268 3904 322 3964 sed
331 3906 388 3977 iarn
400 3900 680 3974 aliosperseqeaatter
692 3900 825 3973 propositi
836 3903 967 3963 breviarii
981 3910 1070 3966 serios
1082 3912 1155 3968 inter
1166 3926 1198 3971 se
1211 3915 1323 3974 codices
1331 3932 1508 3990 pucenscre.
1521 3920 1710 3986 Florentiaein
1720 3930 1885 3991 bibliotheca

232 4002 353 4061 lledicea
369 3998 544 4067 umetiana,
559 3996 652 4068 pluteo
661 4010 745 4065 urm3
762 4000 987 4059 membranaceus
999 4002 1087 4061 roser
1098 4020 1174 4063 unm.
1185 4007 1233 4077 id,
1242 4018 1425 4082 panchrus,
1438 4016 1726 4093 exorditurapsatmo
1737 4025 1886 4081 senserim

229 4098 336 4157 decim
350 4110 436 4163 nono,
447 4092 614 4165 deseritque
628 4091 662 4149 ad
675 4105 763 4165 usqne
777 4097 957 4153 morosiorem
971 4098 1212 4173 quaegesimem
1228 4103 1353 4175 quintum
1362 4108 1434 4165 satis
1446 4114 1559 4183 antiqua
1574 4130 1670 4184 mauu,
1685 4130 1843 4191 quamquam
1856 4118 1884 4174 in

230 4192 422 4265 lisoqaedam
443 4202 524 4247 exesa
548 4196 687 4245 messam
709 4188 773 4245 latiis
789 4192 926 4247 recentior
940 4193 1076 4263 suppleat.
1090 4197 1127 4249 ss
1143 4194 1302 4272 Hieronymi
1322 4200 1434 4275 quidem
1461 4204 1661 4279 depositionem
1678 4230 1755 4288 snper
1763 4212 1883 4271 Porinos

230 4290 374 4346 corstinere
387 4291 504 4340 anrrrrtat
517 4291 595 4338 vctrrs
612 4280 761 4349 librarios;
777 4283 822 4353 qoi
837 4296 904 4338 uero
918 4280 1039 4339 codicem
1059 4285 1151 4355 primo
1164 4287 1320 4362 descripsit,
1339 4290 1394 4348 boo
1404 4309 1463 4351 nno
1475 4296 1589 4355 donarit
1601 4298 1683 4360 ritulo
1698 4302 1884 4361 :dmente-

231 4386 288 4442 rius
301 4384 328 4438 in
345 4380 466 4435 Psolrnos
478 4376 574 4431 Dauid.
592 4374 694 4430 Eadem
709 4376 735 4431 in
751 4374 818 4431 urbe
832 4376 858 4431 in
874 4376 1039 4434 bibliotheca
1052 4376 1164 4434 Patrom
1176 4384 1262 4438 sancti
1278 4384 1373 4453 ilorci,
1388 4387 1442 4443 duo
1453 4392 1615 4465 perantiqua
1626 4397 1789 4469 exemplaria
1801 4410 1883 4468 appe-

230 4489 298 4539 nunt
313 4476 342 4533 S.
356 4472 481 4531 Doctoris
494 4488 593 4527 ttamen
608 4488 614 4526 :
633 4480 722 4527 tannen
736 4469 864 4540 alterum,
877 4466 1069 4527 Commentario
1082 4468 1119 4529 D.
1133 4470 1326 4549 Hieronymi„
1349 4475 1473 4541 haum,
1488 4498 1498 4538 5
1518 4485 1654 4556 puerum,
1670 4488 1828 4546 mmm
1844 4488 1879 4542 D·

231 4576 390 4649 Hieronymi
407 4572 575 4631 inscribitur.
592 4569 670 4640 Saepe
683 4569 759 4626 audit
773 4567 909 4641 Expositis
932 4567 1066 4640 Psalterii,
1083 4572 1189 4645 hocque
1203 4575 1282 4634 titulo
1300 4580 1402 4649 passim
1416 4594 1566 4640 occurrunt
1576 4587 1711 4658 sequioris
1723 4588 1772 4646 ari
1785 4604 1847 4645 mss.
1861 4602 1878 4645 c

229 4670 331 4743 quibus
346 4684 430 4725 utrum
452 4665 594 4721 laudaorus
617 4662 649 4718 ll.
666 4661 755 4717 littera
770 4670 798 4717 et
810 4678 886 4717 oum,
901 4660 936 4715 tl
946 4672 1127 4733 mammaeam
1152 4666 1179 4721 ia
1204 4668 1468 4742 ambularem
1481 4674 1627 4733 Morem
1639 4686 1694 4743 ω,
1703 4677 1877 4735 Q·

230 4762 356 4821 Invenire
375 4773 483 4833 qaoque
506 4766 548 4813 est
565 4756 670 4827 abquos
691 4754 742 4811 bae
761 4770 813 4811 urta
835 4755 1025 4826 inscriptione,
1046 4754 1206 4831 Hieromus
1218 4762 1248 4817 ia
1264 4759 1385 4819 Psalmoa
1406 4766 1570 4840 :talemque
1586 4769 1691 4828 eam
1704 4770 1876 4831 dmm

225 4862 321 4921 littera
334 4858 355 4917 G
369 4872 482 4915 aurorem
494 4854 652 4925 insignitum
668 4866 723 4907 uno
735 4866 816 4923 supra
836 4851 1070 4911 trecentesimum.
1085 4854 1210 4913 Vidimus
1230 4868 1258 4914 et
1271 4856 1367 4917 iluruae
1377 4864 1539 4933 moulins,
1550 4882 1622 4934 quos
1638 4868 1713 4927 ima
1722 4868 1876 4927 samm

227 4956 263 5015 ob
282 4954 373 5013 stads
396 4948 604 5023 prerogativam
622 4944 816 5001 memorandos
829 4945 969 5016 catalogus
983 4946 1010 5003 in
1027 4962 1086 5007 uuo
1104 4948 1386 5021 Palatinovaticaao,
1404 4956 1453 5026 qni
1473 4974 1591 5015 rmmero
1609 4962 1742 5033 sigeum
1763 4962 1875 5034 „prm

229 5044 592 5117 documentumque
606 5038 711 5095 duabus
724 5038 837 5109 pagellis
849 5039 1037 5111 nesciocuius
1049 5043 1213 5114 antiquioris
1225 5042 1398 5103 bibliothecae
1411 5048 1531 5107 mdioem
1544 5050 1676 5109 librerura
1693 5054 1770 5111 teuit.
1783 5052 1812 5109 io
1822 5054 1873 5121 bis,

229 5144 312 5202 sensu
324 5137 480 5211 fliaospmi
491 5150 569 5207 super·
581 5130 769 5189 Paolteriams
784 5130 869 5203 priam
889 5132 994 5203 mors
1014 5150 1095 5205 usqu
1117 5137 1145 5189 ιη
1161 5152 1259 5205 ψῃ,
1269 5154 1305 5193 a
1321 5136 1433 5215 (ΝΜ
1449 5155 1591 5215 mm·
1608 5147 1636 5201 ’.η
1653 5165 1707 5202 m
1717 5146 1814 5205 “Q
1824 5147 1871 5215 Β,

227 5238 355 5311 Ejusdem
375 5234 422 5290 olii
447 5245 510 5289 rust
529 5226 600 5299 (leg.
615 5224 680 5281 lost.
693 5223 784 5295 austu)
796 5240 875 5295 sagra
886 5226 915 5278 is
929 5224 1019 5293 fineru.
1035 5226 1104 5281 item
1116 5224 1254 5295 &petiis
1267 5228 1435 5287 Probum
1445 5235 1663 5305 mireum„
1676 5238 1705 5293 ς,
1714 5256 1768 5297 ω
1776 5238 1870 5296 m

227 5328 428 5399 Descripslmus
441 5335 548 5394 quoquc
560 5315 646 5374 multa
656 5315 789 5385 postremi
804 5312 919 5384 laqueos
931 5316 1026 5386 operis
1038 5330 1076 5373 ex
1093 5316 1238 5388 quadrata
1249 5324 1442 5392 maenuba
1456 5327 1598 5383 omasus
1612 5342 1649 5388 ac
1657 5340 1734 5387 nora
1742 5344 1795 5387 ις,
1808 5328 1871 5387 0112

225 5426 256 5485 S.
277 5419 437 5481 Golumilrri
455 5412 601 5481 debebis,
628 5408 894 5465 memorosum
916 5409 970 5465 sub
993 5410 1017 5465 ll
1037 5408 1253 5469 manassem
1274 5413 1320 5471 si.
1342 5414 1521 5491 Titulusoiss
1537 5422 1724 5482 librihltrs:
1742 5422 1869 5496 incipiant

224 5510 508 5585 rememoremus
519 5506 701 5577 dlieroagrusa
711 5500 838 5555 urdioouit
845 5517 896 5575 pro
905 5501 1062 5571 mendaciis
1075 5520 1130 5563 ease
1143 5506 1286 5563 oasam
1298 5508 1413 5581 „qua
1425 5518 1491 5569 um.
1503 5517 1637 5587 umis
1647 5519 1726 5575 m
1733 5518 1770 5575 ἡ
1780 5514 1868 5583 Q

222 5606 459 5681 ineditisqaaaliis
470 5602 550 5659 birris
564 5600 728 5672 glossemata
749 5594 946 5665 excerpsimus.
961 5610 1018 5653 neo
1034 5598 1101 5654 tansi
1115 5614 1190 5657 outre
1202 5600 1328 5660 noman
1339 5617 1458 5674 essem
1470 5607 1675 5685 manaym
1682 5612 1799 5670 mm,
1807 5618 1868 5667 m.

220 5708 299 5765 pm
312 5698 410 5759 mori
420 5694 580 5751 &mamus
593 5689 662 5757 Quia
677 5685 757 5743 θιιιιιι
773 5687 801 5741 in
817 5686 985 5759 uuiversum,
1001 5688 1026 5745 si
1042 5690 1137 5759 nebu.
1152 5708 1214 5764 que
1224 5694 1370 5754 insusurra
1395 5708 1471 5767 runa,
1481 5701 1609 5762 meam
1628 5704 1704 5765 pm
1718 5700 1868 5765 „mh

222 5795 345 5855 maumas
356 5784 526 5847 usdmudo
541 5796 692 5853 mpouore,
708 5796 759 5837 uec
774 5779 958 5841 iamatrussiau
973 5796 1067 5855 operae
1085 5786 1214 5859 pratum,
1232 5805 1288 5847 ως
1309 5792 1379 5851 „qs
1394 5805 1530 5866 mm
1552 5799 1640 5870 ω
1661 5815 1723 5861 m
1738 5796 1860 5874 ml,
