4000 6334
141 222 213 278 'tstl
628 212 867 275 cdbbbblbltll
887 212 920 271 tri
940 210 1070 271 blubtlll
1087 210 1157 272 108·
1172 210 1251 270 dtr.
1276 213 1342 271 tlt.
1758 210 1812 269 59⁰

160 348 222 395 sunt
237 338 348 395 ancille
357 335 479 404 Christi;
496 335 560 393 dum
583 334 671 391 abeis
692 330 745 403 ipsi
766 339 793 387 et
805 329 866 399 ojus
876 328 958 385 suciis
971 330 998 394 Α
1010 324 1048 381 eti
1065 333 1142 390 suos,
1158 336 1186 383 et
1199 327 1321 397 sepormi
1336 327 1372 383 ab
1385 342 1419 387 en
1431 342 1598 404 numquam,
1615 338 1662 384 aut
1675 333 1750 380 certe
1763 323 1810 381 uis

160 436 363 504 imperassent
384 432 419 489 de
441 428 604 501 corporibus
630 428 664 483 ab
684 442 717 484 eo
742 424 863 481 obsessis
881 420 960 483 abire
1013 428 1138 493 possum.
1169 420 1208 477 lle
1230 420 1273 478 bis
1291 436 1358 493 erqo
1377 422 1447 479 dicit
1467 421 1602 479 Dominus
1622 432 1736 493 sagenas
1761 416 1812 475 im·

158 525 337 598 ontnpelliiur
349 544 356 579 ι
369 523 469 596 suique
483 538 532 596 per
546 524 702 578 tstritersttm
718 516 849 575 muudum
866 514 958 589 quoii·
1011 509 1124 581 plenitas
1136 525 1209 568 estse.

158 619 203 677 die
221 621 331 691 mptiua
344 617 467 675 aufertur
489 617 643 689 eaptivitas,
656 612 793 686 quomodo
808 619 836 669 et
858 624 957 669 seeun-
1045 601 1132 664 rone
1142 621 1219 677 seper
1232 622 1291 665 euru
1305 622 1410 663 metrum
1425 617 1509 663 tenus.
1524 607 1656 666 blemeutn
1667 603 1729 661 belli
1738 623 1749 677 ,·
1760 620 1808 661 nse

157 714 223 773 dum
238 714 433 788 Apoealypsim
447 728 497 785 per
509 711 584 771 mille
604 724 692 768 anons
705 708 835 780 slliqatus
845 703 956 775 dieitur,
1009 698 1078 755 ntsro
1091 697 1175 755 udum
1187 698 1318 775 loquisie
1331 702 1396 759 milti
1407 701 1516 759 ridetur
1530 701 1635 761 dixisse
1650 719 1657 757 :
1672 698 1751 759 licto
1760 712 1811 773 per

156 807 230 879 qood
255 822 270 863 a
293 817 371 878 parte
383 806 419 862 sd
440 814 525 862 totum
539 803 714 875 intelligitur,
728 798 879 857 menedon
892 812 959 867 apo·
1008 805 1053 850 me
1067 790 1226 851 aduersario
1238 801 1297 863 tuo,
1321 809 1406 867 pones
1416 809 1500 867 super
1515 810 1578 853 eum
1593 808 1704 851 reanum
1721 802 1809 859 tuam,

156 900 260 957 stolum
277 901 323 972 qni
336 902 374 955 ait
391 917 396 954 :
411 896 517 963 Filioli,
528 898 667 953 unrinime
678 894 744 951 born
764 902 800 951 est
813 910 823 960 ,·
835 906 868 951 ex
885 899 956 947 tem-
1009 894 1039 941 ot
1050 886 1140 959 possis
1164 887 1190 943 ei
1211 898 1239 944 et
1262 897 1290 944 tu
1316 888 1446 947 illudere.
1473 888 1523 949 lei
1543 904 1629 963 pones
1643 901 1729 959 super
1744 899 1807 943 eunt

155 1008 223 1065 pore
235 994 372 1051 adrentus
382 991 491 1049 Domini
505 992 532 1048 iu
556 1004 640 1047 earne
665 999 769 1045 nostra.
786 986 879 1059 ltaque
898 984 956 1041 alli·
1008 994 1119 1039 manum
1135 988 1219 1051 tuam,
1234 983 1313 1053 qussi
1327 982 1439 1054 dixerit,
1455 984 1478 1041 si
1492 984 1553 1056 eius
1567 982 1698 1056 potentie
1713 990 1741 1039 ει
1751 981 1807 1038 uir-

154 1094 234 1159 gatus
248 1096 311 1143 est:
328 1104 363 1143 ne
376 1087 491 1143 seducat
505 1084 608 1141 Cltristi
622 1080 710 1155 prada
723 1091 752 1139 et
768 1079 956 1150 redemptione
1008 1072 1076 1129 sotis
1102 1082 1129 1130 ts
1150 1087 1213 1131 esse
1235 1074 1396 1144 arbitraris,
1420 1090 1506 1149 pones
1524 1090 1606 1149 super
1618 1090 1681 1132 euru
1695 1089 1806 1131 manunt

153 1178 313 1237 salvandos.
325 1180 379 1236 biii
391 1181 519 1235 dixerunt
535 1194 542 1232 :
558 1174 687 1249 siliquiis
709 1190 769 1229 enm
781 1172 849 1229 sieut
863 1186 954 1245 posse
1008 1175 1094 1235 tuam,
1108 1167 1182 1239 quod
1192 1175 1246 1237 est,
1263 1168 1287 1224 si
1300 1179 1379 1242 potes
1390 1168 1470 1229 elllee
1483 1171 1585 1227 virtute
1597 1168 1728 1241 pomrttie
1739 1176 1806 1236 tute,

153 1272 369 1345 uestimentum,
383 1271 455 1341 quod
468 1281 523 1336 est,
545 1269 580 1326 ab
592 1266 729 1326 irtluntulo
743 1272 867 1322 torreatur
883 1278 953 1336 pre-
1006 1265 1037 1315 us
1061 1266 1089 1315 te
1110 1258 1309 1317 contremiscet
1333 1273 1362 1318 ει
1378 1270 1477 1335 pareat
1502 1262 1576 1321 sieut
1589 1271 1619 1320 et
1632 1276 1676 1319 me
1692 1259 1737 1318 oui
1753 1259 1807 1317 soli

152 1375 234 1439 eepto
262 1366 370 1437 intperii
392 1366 457 1433 mei,
485 1362 600 1421 otuelus
618 1363 718 1433 tipatus
742 1360 770 1417 in
790 1367 952 1429 potestatem
1007 1350 1059 1407 hoc
1072 1350 1173 1408 debet:
1193 1350 1243 1409 sed
1258 1352 1319 1423 quia
1334 1351 1362 1409 ιι
1374 1368 1544 1427 nequaquam
1557 1352 1651 1410 iacere
1664 1362 1759 1425 potes,
1774 1360 1805 1407 ut

153 1460 286 1515 trudetur.
302 1459 351 1515 llie
361 1468 403 1515 est
418 1457 467 1515 ille
480 1455 680 1525 immundoque
694 1453 777 1511 isaias
789 1454 828 1509 sit
840 1469 847 1509 ι
857 1448 954 1523 lrrlnns
1005 1440 1054 1499 tibi
1064 1442 1153 1509 ,druco
1169 1442 1213 1502 bic
1223 1459 1350 1519 magnus,
1365 1456 1394 1503 et
1405 1448 1432 1503 in
1443 1445 1546 1503 malitia
1556 1454 1653 1519 potens
1664 1446 1804 1518 subjectus

151 1550 184 1605 ub
199 1551 278 1607 rbere
290 1552 319 1606 iu
334 1552 463 1625 foramine
474 1550 597 1622 ospitium
608 1563 714 1603 munem
732 1546 833 1603 mittet:
847 1545 891 1619 qui
907 1544 952 1603 in·
1003 1535 1059 1606 sit;
1084 1546 1225 1595 memento
1238 1538 1267 1595 in
1283 1540 1334 1595 bae
1348 1538 1524 1598 tribulatione
1540 1556 1681 1612 pirenaeum
1695 1548 1802 1597 tuarum

150 1644 212 1701 lans
238 1644 383 1717 propbeta,
396 1646 522 1716 quamuis
540 1642 577 1697 sit
588 1650 698 1698 eentum
719 1653 852 1697 antrorum
871 1652 949 1711 puer,
1002 1638 1099 1687 eontra
1112 1647 1193 1704 quom
1206 1630 1295 1689 ierom
1306 1642 1334 1689 ει
1346 1643 1451 1691 mosem
1463 1634 1572 1693 bostem
1584 1635 1686 1691 bellum
1699 1632 1802 1693 babue·

150 1736 314 1809 percurristi
326 1738 443 1809 qratiam
454 1727 608 1805 nuntietur,
627 1734 653 1791 id
676 1742 729 1805 est,
744 1738 855 1789 satietur
868 1741 895 1787 et
909 1730 951 1790 iu·
966 1720 1061 1784 lists:
1082 1722 1201 1781 suilleiat
1225 1726 1274 1781 tibi
1295 1726 1442 1784 adversum
1461 1743 1505 1784 me
1519 1727 1602 1786 rerba
1614 1741 1710 1797 aspera
1723 1725 1803 1783 loeu-

149 1846 253 1890 noeens
277 1831 312 1889 ad
327 1831 414 1889 ιιειιιιι
438 1830 472 1887 ιε
499 1828 552 1886 boe
577 1816 687 1885 seeulo
699 1824 855 1897 enttmabit.
869 1821 949 1881 llum
1002 1818 1131 1888 tumulti
1144 1827 1268 1877 possete
1281 1821 1355 1877 uolui
1368 1865 1376 1892 ,
1392 1823 1521 1895 qnoniam
1533 1819 1607 1880 bone
1620 1819 1801 1877 lentissimum

148 1938 213 1996 erqo
226 1922 359 1981 inlautum
372 1924 499 1994 aeeipore
509 1920 643 1981 debemus
654 1933 875 1989 utrumqoemque
885 1931 949 1973 san-
999 1912 1141 1971 inimicum
1168 1922 1243 1973 tuum
1270 1929 1403 1989 superare
1430 1932 1462 1972 oe
1486 1916 1597 1973 rinoere
1619 1914 1799 1989 nequivisses,

149 2029 267 2086 ntorum,
279 2020 325 2091 qui
338 2018 373 2075 de
388 2018 474 2087 toute,
490 2016 516 2073 id
538 2025 582 2073 est
594 2015 629 2073 de
653 2022 730 2071 utero
746 2012 841 2070 matris
853 2010 946 2069 Eeele·
998 2003 1053 2061 nisi
1064 2000 1097 2061 e'x
1109 2013 1247 2077 precepto
1257 2004 1365 2081 imperii
1376 2008 1428 2063 mei
1440 2019 1551 2080 neeepta
1563 2006 1591 2063 in
1605 2016 1650 2063 ιιι
1661 2013 1798 2078 potestate

147 2111 215 2181 ιιι,
236 2119 374 2183 nmquam
398 2110 488 2167 intans
517 2109 573 2165 000
596 2119 707 2166 reiturus
736 2114 778 2163 est
798 2147 806 2177 ,
829 2116 857 2163 et
879 2120 948 2175 prm·
995 2097 1088 2169 iussus
1103 2095 1219 2165 luisset,
1240 2110 1268 2157 et
1289 2108 1363 2155 tuasn
1378 2098 1557 2156 nibilominus
1570 2099 1691 2157 animam
1704 2108 1797 2157 custo·

149 2211 226 2273 repta
240 2202 361 2273 llomloi,
385 2199 462 2261 relos
486 2201 588 2259 lueteos
600 2199 677 2259 eibos
691 2199 725 2256 de
744 2198 803 2269 eius
818 2196 947 2257 uberibus
996 2191 1050 2247 tlibi
1065 2206 1080 2247 ι
1094 2208 1149 2249 ¹¹¹0·
1173 2192 1258 2265 Ιιιῐιιιι
1277 2192 1452 2252 inditionem
1470 2193 1543 2251 ῑΙιιιιι
1555 2193 1690 2252 ita‘datrts
1701 2208 1752 2263 ὅ,
1767 2203 1798 2250 ut

148 2298 230 2367 anit.
996 2302 1050 2341 nnn
1062 2286 1179 2359 amplius
1190 2296 1216 2343 te
1226 2285 1370 2361 attigeret,
1381 2303 1462 2361 quent
1474 2273 1548 2345 sirei
1559 2298 1613 2345 tuae
1624 2300 1794 2362 paterentur.

179 2390 323 2449 denserent
343 2408 401 2447 enm
421 2392 498 2447 omisi
512 2432 519 2459 ,
534 2391 651 2449 uiridem
665 2390 742 2447 illum
757 2390 943 2462 nepotioteres.
1031 2379 1100 2438 Ecce
1113 2398 1170 2453 spes
1182 2385 1240 2455 siut
1253 2382 1424 2455 {rmrrnobur
1436 2400 1514 2451 eum,
1535 2394 1560 2441 et
1571 2384 1716 2442 edentibus
1729 2403 1794 2444 sun·

137 2484 233 2565 Ιιιιιει
256 2494 285 2541 ει
304 2487 491 2559 negotiatores
504 2484 565 2553 isti,
583 2484 671 2541 saneti
687 2481 856 2553 intelligendi
868 2490 942 2549 suut,
995 2476 1042 2531 elis
1065 2475 1282 2549 praecipitabitur.
1316 2474 1383 2533 Cum
1409 2478 1436 2535 iu
1466 2490 1614 2551 eottspeetu
1634 2479 1794 2552 anqelurun

146 2592 241 2635 omnes
263 2578 345 2635 etiam
367 2578 492 2637 ueritatis
510 2578 721 2651 predicatores:
746 2577 847 2651 quibus
865 2574 944 2632 Clrri-
995 2576 1168 2634 sunetorotu,
1184 2578 1214 2625 et
1229 2567 1438 2626 innumerabilis
1453 2569 1635 2629 uuoltitutlinis
1648 2570 1793 2629 beatotum

145 2678 201 2727 stus
214 2668 301 2727 Filius
314 2668 362 2725 uer
377 2670 433 2725 nit:
462 2668 516 2727 l'os
530 2670 609 2725 nmini
621 2670 671 2725 urei
682 2668 752 2727 estis.
775 2666 944 2740 itemtquede
995 2660 1136 2717 bertinum
1146 2662 1333 2733 precipitatus
1342 2662 1459 2721 lueritin
1468 2662 1636 2735 gebennam,
1647 2665 1792 2737 ignemque

145 2761 240 2819 iisdem
253 2777 301 2833 per
314 2761 470 2833 parabolem
485 2762 568 2819 dieis:
585 2758 679 2817 Simile
690 2770 727 2817 est
740 2776 850 2833 sequent
863 2758 941 2818 colo·
993 2764 1142 2826 eternum,
1158 2758 1329 2827 speronius,
1346 2772 1398 2830 qua
1412 2772 1443 2814 se
1458 2756 1557 2815 iontem
1572 2767 1649 2831 putus
1662 2758 1790 2829 eradere,

146 2872 201 2911 ruet
213 2854 315 2915 bomini
328 2857 493 2927 repntimeri,
509 2855 637 2928 querenti
651 2854 745 2909 bossunt
759 2852 940 2925 nusquitan,
993 2849 1159 2907 horrendum
1171 2858 1199 2907 et
1210 2849 1315 2923 justum
1327 2849 1461 2922 judicium
1476 2867 1540 2908 eum
1555 2852 1748 2919 irustrabitur,
1763 2863 1791 2907 es

145 2960 171 3003 et
181 2959 290 3005 caetera.
313 2946 366 3017 Qui
390 2962 505 3019 regnum
527 2946 596 3017 liei,
623 2954 650 3003 et
664 2956 776 3003 nter-ue
791 2945 855 3003 rite
868 2958 940 3016 prae·
992 2956 1069 3001 etsst
1086 2952 1168 3013 atque
1182 2941 1276 2999 inania
1290 2943 1415 3015 cogitans
1428 2942 1455 2999 in
1466 2941 1574 3001 irritum
1586 2942 1746 3003 deducetur.

145 3041 225 3097 mium
238 3039 313 3100 reiut
326 3041 554 3114 pretiosissimam
568 3041 744 3111 margaritum
758 3039 785 3095 in
798 3038 940 3099 senatibus

146 3141 346 3205 proposuerunt
366 3135 486 3205 utendo,
511 3144 543 3191 ut
565 3135 749 3207 unusquisque
772 3116 975 3193 erediturnmC
1287 3096 1402 3156 CAPUT
1423 3097 1494 3157 ω’

145 3229 241 3287 sendus
254 3244 434 3303 quascumque
448 3228 592 3297 babuerit,
607 3228 819 3287 delectationem
832 3228 939 3285 seilicet
1030 3233 1091 3291 Non
1109 3236 1185 3306 quusi
1204 3235 1317 3294 ειιειειιι
1329 3237 1460 3293 suscitabo
1472 3248 1541 3294 sem.
1564 3238 1630 3305 Quis
1642 3240 1712 3300 euim
1723 3242 1790 3297 resi·

143 3322 206 3379 uisa
224 3322 382 3395 praesentiis,
406 3320 449 3379 bis
463 3323 652 3381 mereimnniis
666 3332 815 3381 commutet
824 3332 851 3379 et
865 3330 939 3381 errtnl
989 3338 1058 3385 stem
1071 3336 1154 3401 potest
1168 3330 1251 3385 uultui
1265 3345 1334 3397 eren,
1348 3331 1442 3402 etquis
1455 3340 1516 3388 onte
1530 3331 1674 3389 deditetibi
1688 3342 1716 3390 ει
1726 3334 1788 3391 retl-

143 3430 214 3471 oam.
236 3415 321 3487 luitur
335 3432 352 3473 a
366 3417 531 3489 supradietis
548 3416 657 3483 ominis,
679 3426 705 3473 et
718 3414 938 3489 negotiatoribus
990 3419 1052 3474 dam
1063 3419 1112 3475 ειι
1130 3418 1227 3476 Omnis
1237 3436 1296 3493 qun
1310 3420 1358 3480 sub
1370 3422 1435 3477 selo
1446 3433 1508 3479 sttrst
1521 3466 1529 3491 ,
1544 3440 1602 3480 ntsu
1614 3435 1684 3481 sunt.
1710 3424 1788 3484 llutte

142 3510 936 3587 eorpusbnjnsdraeoniseoueidltutamuedirlditur,dutu
989 3514 1787 3592 iqitnrinisoieumnonuterudelissuseitatlleus,quieum

143 3618 193 3677 per
205 3606 316 3664 eosdetn
330 3606 364 3666 ιι
382 3606 463 3666 litletu
476 3606 593 3675 Christi,
610 3608 778 3679 perditurum
791 3608 851 3681 ejus
865 3608 936 3665 mul·
988 3608 1065 3681 qnasi
1078 3608 1175 3679 punire
1187 3608 1343 3666 desiderat:
1364 3610 1407 3667 rel
1426 3626 1614 3685 quoscumque
1627 3621 1786 3674 mentorum

145 3697 228 3753 titudo
247 3700 461 3771 quamplurimo
477 3707 632 3773 separatur.
660 3698 729 3759 llam
744 3700 822 3759 ιιιιιιι
838 3700 872 3759 de
885 3714 937 3775 po·
991 3699 1174 3758 eolloeatioue
1196 3701 1257 3771 ejus
1277 3700 1402 3760 elidere:
1426 3703 1504 3775 errius
1521 3712 1625 3761 naturae
1644 3704 1789 3765 luculentae

144 3791 258 3849 tontibus
277 3792 350 3866 eius,
370 3803 399 3851 et
411 3796 437 3851 in
454 3794 555 3851 stralitia
570 3792 686 3853 lontibus
697 3794 734 3853 ab
747 3795 805 3867 ejus
820 3809 935 3853 enusnr·
988 3794 1080 3865 potius
1093 3802 1195 3849 retorna
1208 3792 1318 3851 bonitus
1329 3794 1477 3865 competit:
1497 3794 1546 3852 seri
1567 3798 1700 3854 suscitare
1714 3798 1787 3857 Dens

144 3884 189 3949 tio,
203 3887 283 3946 veluti
297 3885 422 3954 membre
436 3887 509 3953 illius
524 3896 720 3959 secernuntur,
734 3888 805 3945 sieut
817 3897 845 3943 et
858 3887 932 3947 blsa-
987 3900 1060 3941 rrune
1082 3883 1234 3942 beriatbnn
1260 3886 1311 3941 boe
1326 3886 1407 3942 modo
1422 3886 1534 3957 dieitur,
1556 3896 1587 3945 ut
1598 3903 1661 3945 eum
1677 3892 1785 3947 celeris

143 3995 190 4036 oue
205 3981 335 4053 propbeta
351 3984 390 4039 ιιι
402 3983 437 4039 ιι
452 3984 617 4053 Dominum
633 3982 781 4042 erneretur
792 3983 818 4039 iu
829 3993 933 4057 stupore
985 3978 1076 4051 qualis
1086 3978 1121 4034 sii
1134 3977 1312 4048 martilestet,
1335 3994 1415 4051 quern
1430 3979 1505 4036 uelut
1519 3977 1688 4037 Pharaonem
1703 3982 1784 4053 longe

141 4074 229 4129 metitis
240 4075 325 4149 cupita
335 4076 499 4148 potentinus:
519 4084 548 4133 ει
562 4076 596 4135 ιε
611 4076 711 4148 quibus
724 4090 834 4134 rursum
847 4078 885 4131 ιιι
898 4074 933 4130 ιι
986 4072 1167 4143 impunitate,
1192 4070 1298 4129 diutius
1314 4072 1446 4129 insultare
1461 4072 1607 4145 permittit.
1637 4072 1695 4133 lloe
1709 4076 1783 4135 enim

142 4164 300 4225 [inminutus
322 4167 421 4243 llisisti
445 4170 474 4225 in
497 4170 584 4243 sopito
611 4171 776 4227 trtitru'oorum
802 4180 933 4227 mortem:
982 4167 1138 4240 iustissimo
1149 4166 1257 4239 indieio
1268 4182 1318 4225 sun
1330 4167 1402 4229 ileos
1416 4165 1476 4226 lieri
1491 4169 1575 4227 sistit:
1589 4176 1638 4227 aul
1654 4170 1689 4227 ιι
1703 4186 1783 4228 exer·

142 4272 252 4319 ntortem
277 4263 371 4333 utique
395 4262 544 4331 uitiosum,
571 4272 601 4319 nt
617 4262 674 4335 jum
690 4280 744 4322 nnn
759 4262 811 4321 sibi
826 4265 931 4336 uiuunt,
985 4263 1143 4321 eisntinnem
1163 4262 1407 4337 probationemque
1427 4273 1606 4337 sanetorotn,
1620 4263 1716 4321 autad
1733 4266 1784 4321 iui-

140 4354 188 4411 εει
200 4356 223 4413 ei
234 4356 280 4427 qui
294 4371 344 4427 pro
360 4357 428 4429 ipsis
440 4368 562 4414 ustortuus
575 4366 628 4423 est,
642 4366 670 4413 et
683 4356 847 4413 resurrexit.
869 4355 932 4415 llee
984 4373 1100 4432 quornm
1119 4372 1239 4429 poennm.
1269 4358 1335 4428 Quis
1348 4358 1422 4415 enim
1444 4355 1576 4417 resistere
1595 4367 1686 4432 potest
1696 4358 1782 4419 uultui

140 4449 226 4519 capita
240 4449 414 4510 inimieorum
424 4449 486 4519 bet,
500 4450 589 4521 idest,
607 4450 768 4521 populorum
784 4450 931 4521 impiorum
986 4452 1064 4509 meni
1078 4452 1130 4511 libi
1139 4451 1190 4511 boe
1201 4452 1306 4509 ridetur
1316 4450 1432 4521 dixisse,
1446 4450 1520 4523 quod
1530 4451 1719 4524 soloaspeetui
1728 4466 1783 4507 ma·

140 4541 284 4617 prinsipes,
301 4542 352 4613 ipsi
367 4554 431 4601 sunt
444 4542 523 4614 buius
543 4544 694 4617 spiritualis
709 4543 837 4617 draconis
853 4558 932 4615 repes
947 4520 1094 4616 ”instetis
1109 4543 1177 4617 bet,
1197 4544 1288 4603 nmuis
1303 4554 1429 4603 creatum
1443 4545 1524 4601 eedat
1537 4552 1567 4601 et
1580 4554 1689 4604 tremet.
1715 4546 1783 4618 Quis

140 4642 168 4688 et
182 4633 300 4703 nobiles,
323 4635 368 4709 qui
382 4636 533 4693 seeundum
556 4636 760 4695 ttarrslnsinnetn
776 4636 930 4709 nominum,
982 4650 1049 4695 ante
1061 4636 1136 4695 dedit
1149 4637 1214 4693 mibi
1230 4646 1260 4694 ut
1272 4635 1384 4693 reddam
1399 4636 1446 4693 eil
1460 4638 1555 4694 omnia
1571 4652 1633 4708 quse
1646 4638 1698 4693 sub
1710 4638 1781 4694 roelo

140 4735 169 4782 et
180 4727 286 4799 liquetur
302 4730 375 4799 tropi
390 4730 516 4797 alterius,
537 4730 666 4801 alligandi
682 4746 696 4785 a
711 4729 850 4802 predictis
863 4732 930 4788 anti·
982 4742 1057 4802 sunt,
1070 4747 1128 4790 mea
1139 4739 1213 4791 suut.
1225 4731 1283 4789 Nou
1293 4731 1436 4801 enimait,
1446 4745 1462 4785 a
1472 4746 1608 4804 quoqurnt
1617 4739 1778 4803 potestatem

139 4820 181 4877 cis
198 4833 223 4880 et
245 4824 463 4895 tteqotiatoribus
488 4838 550 4881 esse
573 4822 720 4881 dicuntur:
745 4822 818 4881 sieut
843 4822 930 4882 llarid
982 4827 1093 4897 aeeepi,
1112 4840 1192 4899 quam
1208 4825 1359 4898 aliqnando
1375 4823 1489 4882 inrsitan
1503 4841 1557 4880 nnn
1573 4824 1733 4882 habuerim:
1750 4835 1780 4882 ιιι

139 4916 265 4987 propbeta
279 4918 334 4976 ait:
361 4916 397 4975 dt
410 4917 518 4991 olliqettl
531 4933 603 4989 repar
617 4932 706 4973 rorum
723 4917 750 4973 iu
765 4916 890 4986 uteuieis,
905 4927 929 4973 ει
981 4916 1007 4973 ei
1022 4917 1099 4987 quusi
1115 4932 1164 4986 pro
1179 4915 1231 4971 boe
1245 4916 1379 4973 benelleio
1393 4917 1495 4987 gratias
1509 4932 1599 4989 aqam,
1615 4927 1663 4975 aut
1675 4917 1778 4987 aliquid

138 5006 231 5065 nobiles
253 5026 346 5069 sorum
365 5011 394 5067 iu
408 5010 519 5067 uinculis
533 5010 635 5082 [erreis
662 5008 695 5065 bi
715 5023 781 5079 ergo
803 5022 881 5079 repes
903 5018 931 5065 et
982 5010 1008 5067 ei
1021 5008 1212 5066 retributionis
1222 5009 1390 5081 impendam.
1409 5008 1566 5067 δειιιιιιιιι
1584 5011 1655 5067 bune
1666 5024 1777 5067 sensum

139 5099 250 5179 nobiles,
267 5104 319 5175 ipsi
334 5112 397 5159 sunt
409 5111 438 5159 et
451 5101 595 5171 dracones,
611 5110 638 5159 et
650 5101 775 5159 membra
787 5098 859 5158 illius
868 5100 931 5157 dre·
981 5114 1008 5161 et
1024 5102 1172 5175 Apostolus
1186 5102 1321 5175 loquitur:
1335 5104 1386 5159 Aut
1401 5104 1470 5175 queis,
1484 5102 1584 5175 inquit,
1598 5101 1670 5159 dedit
1682 5102 1734 5173 illi,
1753 5114 1778 5160 et

139 5192 223 5263 ontis,
238 5193 271 5251 de
283 5194 384 5267 quibus
398 5194 564 5251 draconibus
574 5194 612 5249 ait
628 5193 758 5267 propbeta
774 5192 808 5251 ιι
821 5194 928 5252 Deum:
979 5196 1137 5253 retribuetur
1149 5198 1196 5253 ei?
1216 5192 1269 5254 ilbi
1289 5195 1316 5251 in
1329 5194 1371 5251 bis
1386 5194 1479 5252 verbis
1490 5195 1563 5252 Deus
1577 5194 1688 5254 nliuisse
1701 5208 1775 5251 sem·

140 5281 182 5338 Tu
194 5288 336 5361 rousreqisti
350 5288 436 5357 capita
450 5287 593 5344 draconum
604 5304 682 5361 super
697 5303 789 5360 nqueo.
883 5290 889 5305 '
979 5304 1029 5361 per
1043 5300 1222 5348 monstretur.

181 5376 310 5453 Numquid
320 5381 439 5455 implebis
450 5398 560 5455 ropertus
568 5382 635 5455 pelle
643 5378 710 5455 ejus,
724 5390 746 5437 et
761 5383 927 5455 perquisitum
1020 5382 1082 5440 Nou
1099 5400 1205 5457 perseus
1224 5385 1247 5440 el
1271 5383 1354 5441 uerbis
1373 5383 1518 5458 potestibus
1532 5390 1557 5438 ει
1576 5382 1611 5437 ιιι
1634 5382 1779 5456 depreme-

141 5470 246 5541 pireium
258 5475 342 5545 cupite
354 5472 445 5530 illius?
465 5472 566 5531 (luntres
581 5474 626 5545 qui
649 5474 833 5533 consensione
848 5474 926 5534 moli·
980 5478 1044 5533 euru
1062 5477 1222 5551 compositis.
1253 5474 1311 5534 lloo
1325 5475 1452 5533 fortassis
1469 5474 1505 5531 de
1524 5473 1655 5543 diabolo,
1679 5473 1714 5531 de
1732 5491 1780 5531 ru·

141 5564 188 5619 tie
209 5574 234 5621 ut
255 5566 403 5623 imitatione
427 5566 569 5625 adberent
594 5566 721 5635 diabolo,
744 5576 820 5625 reete
843 5568 928 5641 pelles
978 5570 1024 5642 jus
1047 5570 1139 5628 uerbis
1173 5568 1216 5627 bie
1245 5570 1391 5643 loquitur,
1426 5568 1581 5642 intelligere
1612 5583 1778 5641 possumus:

141 5656 412 5734 elusone-dicuntur.
434 5660 509 5733 Quos
519 5660 583 5718 ideo
595 5662 675 5735 pellis
689 5662 798 5719 tremine
809 5662 930 5720 arbitror
980 5665 1079 5723 etsisit
1092 5664 1202 5723 rebellis
1215 5663 1242 5721 itt
1266 5664 1368 5736 Deum,
1393 5673 1421 5721 et
1442 5674 1611 5733 contumax,
1637 5678 1715 5720 sunm
1736 5674 1778 5720 tn·

142 5749 238 5826 dietus,
252 5770 283 5813 oo
297 5757 369 5831 qood
383 5757 581 5820 indissociabili
594 5758 765 5832 cooperiens
779 5757 804 5817 ei
814 5759 928 5833 conjun-
981 5769 1189 5823 mentremeus
1208 5759 1309 5823 sentiat
1321 5770 1489 5834 cremorem,
1504 5768 1530 5819 et
1544 5746 1668 5835 quamuis
1681 5754 1778 5818 imme·
