4000 6334
104 353 151 411 iti
392 341 609 402 teudeberto
629 338 845 399 liottttiltbtitl
863 335 1026 398 obtectus
1047 339 1079 397 tri
1100 337 1229 398 tuctu.
1252 338 1333 396 ndu.
1356 339 1425 396 ltvt.
1680 339 1735 396 stt

104 478 148 522 eon
159 476 223 538 ego,
235 459 296 517 sirit
308 473 370 516 rere
382 459 410 515 iu
421 471 463 516 nte
476 457 595 516 Cirrirtur
610 457 712 532 ieeur.
723 473 754 524 n,
770 455 830 530 bi).
851 455 886 514 tir
898 459 928 521 Δ
937 456 1070 516 ioennetn
1088 459 1180 530 reperi
1194 458 1345 530 scripttrm:
1373 457 1406 513 ln
1416 458 1549 532 judicium
1562 473 1611 531 ege
1622 459 1651 514 in
1660 475 1738 514 rnen·

102 559 173 632 igiter
196 564 222 612 et
249 565 297 610 net
324 559 431 608 euntes
450 551 477 607 io
496 551 621 623 templo,
649 560 678 608 et
696 557 823 607 tenentes
835 548 884 606 liei
935 551 1157 618 demisismrmi,
1173 551 1405 622 utoeinenridrnt
1416 552 1534 620 rideret,
1546 561 1571 608 et
1583 553 1628 625 gei
1641 551 1729 608 uident

102 652 210 717 iillum,
232 647 473 719 amplexantesque
495 660 578 716 eum,
605 645 681 718 digni
708 646 883 713 remissione,
935 643 997 698 ceci
1010 639 1238 716 inntidoonmr).
1251 643 1731 714 Quernedeergoiojttdieiumtertii,

101 737 806 819 m-mcdproleetionendmeliorasimur,
822 749 885 794 ere·
935 743 1042 790 utnon
1072 734 1197 793 ridentes
1223 738 1257 792 de
1282 735 1439 792 oetiertlbns
1463 736 1610 806 riderent,
1634 737 1734 809 etqui

100 855 152 896 inus
163 837 372 908 omnipotentem
381 833 480 902 Cento,
494 847 605 890 oremus
614 834 772 904 et·ipsum
783 846 885 904 portu·
935 828 1011 898 prins
1031 827 1160 886 ridebunt
1183 827 1220 884 de
1245 829 1327 888 lsrael
1357 831 1423 886 cerei
1450 829 1566 888 tierent:
1590 832 1632 888 sic
1656 831 1733 890 renit

98 932 359 1001 inmissumqocm
374 928 488 999 elingui,
504 926 883 985 etteneredesidernmusin
933 921 962 977 in
989 921 1097 977 rninetn
1118 930 1146 978 ct
1170 923 1399 980 resurrectionem
1426 924 1584 980 nutritorum.
1623 923 1652 980 ln
1681 923 1732 982 nd-

99 1021 220 1080 brrcbiis:
247 1019 290 1076 cui
301 1025 346 1076 cst
359 1019 446 1091 glorie
471 1030 499 1076 et
513 1019 658 1093 imperium
675 1019 703 1074 in
716 1018 817 1076 secula
832 1033 884 1075 ste-
934 1025 1017 1072 rentu
1032 1015 1104 1071 enirn
1124 1015 1231 1071 [lontioi
1247 1015 1414 1084 Stiluetoris,
1427 1017 1473 1087 oui
1497 1018 1572 1088 prius
1586 1024 1731 1089 steterunt,

99 1117 219 1174 colurum.
234 1111 331 1170 Amen.
933 1115 1107 1178 corruerunt,
1122 1117 1152 1166 et
1164 1111 1381 1180 quicecidernnt,
1395 1123 1585 1169 surrexerunt.
1601 1111 1658 1170 iios
1674 1113 1734 1170 lien

369 1206 512 1266 dolilbil
527 1209 598 1265 xit.
934 1211 975 1259 est
989 1201 1228 1273 interpretandis
1241 1217 1274 1260 eo
1287 1203 1359 1276 quod
1383 1204 1486 1260 dictum
1502 1213 1564 1261 est:
1589 1205 1659 1261 Ecce
1685 1205 1729 1261 irie

97 1324 130 1380 lic
143 1337 173 1379 eo
184 1319 256 1394 quoti
278 1321 411 1394 scripturn
427 1333 490 1380 cst:
511 1320 595 1379 Erntti
610 1332 684 1398 pnier
701 1326 757 1397 ejttr
767 1332 791 1378 et
800 1333 882 1378 meter
932 1297 1032 1369 P⁰⁸⁵¹⁸¹⁸
1044 1307 1082 1352 ‘⁸¹
1102 1298 1130 1352 ’ἢ
1144 1297 1247 1353 'usnam
1266 1307 1292 1354 ’ί
1311 1300 1527 1354 '⁶⁸³¹m‘350mm
1547 1299 1688 1356 'mmmm
1702 1301 1733 1356 ὴ

125 1397 244 1450 nitentes
258 1413 338 1468 super
352 1395 393 1449 bie
404 1408 462 1466 qua
472 1394 627 1450 dicebantur
638 1397 671 1450 de
680 1411 729 1460 eo,
746 1411 834 1468 usqne
847 1397 883 1452 ad
934 1390 1029 1448 isreel.
1046 1391 1192 1450 Eslbliiem
1206 1402 1234 1449 et
1246 1393 1329 1449 silius
1340 1393 1405 1464 titlid
1417 1393 1623 1465 intelligendum
1632 1395 1730 1452 adter-

125 1467 207 1523 ¹⁰⁰⁰¹¹¹
222 1465 267 1523 ”bl
283 1466 341 1523 ²¹¹²
361 1465 432 1522 Εὕα
444 1468 494 1522 5³¹⁶
507 1469 608 1539 i⁰⁸f⁸l¹⁸
631 1475 669 1524 “⁸
684 1469 712 1522 il
735 1469 840 1523 'iiiiii'
858 1478 884 1524 ὅ
933 1497 980 1538 sus
994 1497 1043 1538 eos
1059 1483 1102 1540 rei
1116 1485 1244 1554 menime,
1259 1485 1305 1556 qui
1319 1494 1414 1540 contre
1428 1486 1603 1543 Conditorem
1619 1488 1732 1557 lttrnnt,

127 1540 335 1595 'mallim
344 1533 486 1594 ”mamm
496 1539 524 1594 ξπ
535 1535 630 1595 ’Μ’
647 1532 714 1610 ew·
732 1539 764 1593 Η·
933 1586 961 1634 et
976 1579 1038 1635 iiiuc
1049 1579 1111 1636 inde
1122 1579 1156 1636 de
1171 1579 1258 1636 reteri
1271 1579 1469 1652 Testenreuto,
1485 1597 1547 1653 once
1561 1599 1617 1638 non
1631 1582 1734 1642 lintelli-

124 1675 154 1731 lit
164 1683 257 1743 erent,
282 1675 384 1747 innuit,
409 1684 484 1748 poter
497 1675 571 1731 iliius
585 1684 703 1732 eineder
719 1673 883 1733 admiranter
932 1685 1021 1744 gout,
1052 1675 1207 1730 testimonie
1222 1685 1444 1748 congregantes,
1466 1677 1633 1748 simplicium
1649 1679 1733 1738 corde

97 1771 271 1845 superbientia
280 1771 433 1827 timenter
444 1771 477 1828 de
490 1785 529 1827 eo.
544 1770 750 1843 congregemus
759 1771 785 1827 in
796 1785 881 1826 unum
933 1767 1083 1839 decipiunt.
1107 1769 1191 1826 Aiunt
1204 1769 1297 1826 enlm:
1316 1772 1385 1826 Ecce
1399 1770 1472 1828 lietu
1485 1772 1565 1842 Legis
1578 1781 1606 1828 et
1617 1775 1736 1845 propte:

94 1877 180 1935 segne
193 1865 298 1922 inerter
312 1862 378 1923 ictu
392 1863 465 1920 dicte
481 1865 638 1936 scriptoque
649 1873 712 1919 tttnt
726 1863 762 1920 dc
775 1879 830 1933 eo,
857 1871 886 1920 et
898 1853 925 1918 b
939 1871 1038 1932 icrunt,
1053 1863 1144 1921 ridete
1155 1865 1304 1935 quelirslt:
1324 1863 1389 1940 Epo,
1405 1866 1504 1938 iniquit,
1517 1867 1735 1932 metiumoteerr

96 1973 155 2013 rtnnc
175 1957 249 2014 scire
273 1957 430 2029 poterimus
452 1957 560 2030 singule
575 1971 690 2029 qunqtte
718 1956 800 2028 digne
820 1969 883 2014 esse
933 1958 1046 2030 ledam:
1060 1959 1210 2029 percutient,
1226 1968 1306 2033 erogo
1320 1962 1436 2016 smnio:
1450 1969 1533 2018 einen
1548 1971 1587 2018 eri
1601 1965 1644 2034 nni
1658 1971 1734 2020 erunt

95 2048 221 2105 mimeule.
240 2048 429 2117 Quemobrem
441 2047 593 2106 mirabatur
605 2061 634 2106 et
649 2057 726 2120 peter
741 2047 793 2124 (sic
807 2049 882 2105 eninr
932 2051 1096 2107 demonibus
1111 2053 1173 2108 etde
1185 2051 1275 2125 (Dent.
1288 2053 1385 2127 run).
1406 2053 1546 2126 budiuut,
1559 2055 1687 2126 emittam,
1701 2061 1732 2114 et

95 2142 235 2214 appellatus
245 2143 412 2216 ottioseplt,
426 2144 633 2216 quirnutritlus
644 2143 717 2218 luit),
733 2143 883 2201 mirebetnr
932 2160 988 2200 troo
1003 2143 1138 2214 audiunt,
1162 2143 1316 2216 vivificabo:
1330 2148 1459 2217 rudiunt,
1474 2149 1627 2224 pereminet,
1640 2160 1670 2206 et
1683 2162 1729 2206 tu·

24 2228 25 2231 ’
94 2243 118 2290 et
133 2238 213 2292 maier
239 2249 329 2308 snper
352 2237 482 2294 omnibns
508 2247 569 2309 gnte
590 2235 756 2294 dicebantur
777 2239 815 2328 ῥυ
835 2249 880 2294 eo.
932 2239 992 2295 dire
1011 2247 1212 2310 contemnunt,
1236 2251 1259 2296 et
1275 2257 1321 2314 epo
1337 2243 1445 2299 sonnio.
1468 2243 1626 2302 istiusmodi
1647 2257 1731 2302 oeen-

93 2331 205 2399 Qnaenrm
215 2345 284 2403 ergo
295 2343 372 2396 sunt,
386 2332 488 2404 tpnnede
498 2333 683 2405 porruloiesu
693 2332 763 2388 lemn
775 2332 882 2404 disper·
932 2333 1054 2390 sionibus
1081 2333 1240 2392 Creatorem
1269 2337 1486 2394 eulumninutur.
1537 2337 1621 2412 igitur
1654 2349 1733 2398 ette-

94 2424 317 2483 seretiPutlores
336 2435 419 2483 erem
434 2428 462 2483 in
475 2427 587 2499 regione
602 2429 668 2496 liin,
693 2427 840 2499 vigilantes
853 2438 881 2485 et
931 2443 1012 2501 quum
1039 2429 1233 2501 interpretetur
1264 2445 1343 2503 quern
1367 2445 1479 2489 sensum
1515 2432 1634 2490 hebent:
1670 2433 1731 2506 lige

94 2517 251 2573 observantes
275 2517 417 2573 custodiet
438 2517 623 2592 noctlssupre
649 2531 759 2590 gregem
787 2532 878 2573 suum.
930 2526 1085 2597 inteficient
1103 2532 1127 2582 et
1146 2523 1299 2598 illidendo,
1326 2528 1470 2600 percutiunt
1489 2529 1651 2596 eiunctio,
1677 2539 1729 2599 op·

24 2680 25 2695 ἶ
94 2608 161 2665 lenit
172 2611 287 2683 angelus
298 2611 353 2667 rub
373 2609 432 2682 ipen
447 2612 515 2668 lrors
540 2611 690 2668 rusticitatis
707 2610 881 2679 tosu‚etait
932 2619 1284 2689 ptinrnteistestimeninm
1300 2617 1730 2692 evangeliedtmnqueedrer·

94 2701 190 2759 edent:
210 2702 350 2759 neuntio
364 2703 573 2776 rolirgretiiunr
582 2718 716 2776 mgentem.
734 2703 786 2772 lte,
800 2713 824 2760 et
838 2706 880 2760 in·
899 2728 903 2736 ·
930 2729 991 2770 ,torn
1014 2713 1193 2789 205-290
1207 2713 1362 2770 hereticos.
1385 2711 1603 2770 innumerabiles
1624 2713 1730 2785 quippe

94 2795 483 2868 rmietbiniuntmlnnoiutnn
498 2799 641 2870 perennet
655 2800 880 2871 notiittmt'nnrlt·
932 2807 1054 2865 ltaereses
1081 2816 1161 2876 sunt,
1188 2823 1249 2880 oum
1265 2807 1446 2881 Euangeliou
1460 2807 1610 2864 seeundum
1626 2805 1728 2864 Lttcetn

24 2898 25 2919 ³
94 2891 160 2963 iiiv-
181 2889 306 2948 Mitt!
319 2892 528 2964 imiliter&
545 2893 663 2961 Vltimi,
676 2903 705 2950 et
717 2895 881 2951 ‘Gemelli
931 2903 1078 2974 recipiunt.
1095 2901 1125 2960 Si
1142 2909 1288 2974 propterea
1311 2911 1454 2970 cruentus,
1470 2912 1496 2958 et
1512 2901 1540 2956 in
1556 2909 1662 2956 trintum
1677 2915 1731 2958 ste·

96 2985 150 3039 tudo
158 2985 278 3042 celestis
293 2989 432 3044 exercitus
448 2987 560 3043 laudere
574 2989 658 3060 eeeplt
673 2999 702 3045 et
716 2989 881 3047 benedicere
931 3010 981 3051 uos
996 3005 1024 3051 et
1038 2995 1162 3051 crudelis
1183 3003 1224 3049 est
1239 2993 1390 3061 Conditor,
1415 2995 1479 3065 quie
1506 2993 1595 3049 dicit:
1618 2991 1676 3068 Ego
1691 2994 1734 3047 in·

95 3074 175 3133 deum
193 3080 260 3137 Cum
285 3079 341 3136 boc
363 3091 487 3152 pastores
504 3083 602 3152 trepidi
618 3083 833 3153 perspexissent,
851 3093 880 3141 et
931 3088 1070 3160 termium,
1084 3097 1108 3142 et
1119 3087 1253 3159 oieipeolo
1269 3087 1453 3160 speretium,
1467 3095 1493 3143 et
1516 3087 1630 3154 sonnio,
1646 3083 1731 3143 mnni-

95 3178 190 3249 nugeins
200 3179 365 3235 recessisset
379 3178 414 3235 ob
426 3177 477 3246 eis,
493 3177 621 3235 dixerunt
631 3179 665 3250 ed
679 3181 809 3236 linirem:
826 3180 880 3236 lio·
931 3180 1082 3238 lestissime
1094 3189 1137 3238 cst
1149 3189 1174 3238 et
1190 3181 1285 3239 iesum
1301 3181 1388 3253 ipsius
1402 3195 1464 3237 esse
1486 3179 1607 3246 Filiutn3
1633 3179 1729 3236 endem

96 3270 288 3339 nordannim,
300 3271 466 3328 etritiennrur
476 3271 649 3344 ineturntpmd
659 3247 915 3329 Commissum-C
932 3273 1068 3344 siqttidem
1084 3274 1119 3331 de
1134 3289 1167 3331 eo
1181 3275 1281 3346 scripte
1300 3282 1383 3330 sunt:
1398 3273 1465 3328 licre
1478 3275 1521 3328 lile
1538 3275 1639 3347 peritur
1649 3281 1686 3328 ert
1701 3273 1729 3328 iu

96 3361 212 3420 dltnoiir.
234 3364 382 3421 Venerunt
402 3373 431 3421 et
456 3363 619 3420 inuenerunt
640 3365 791 3434 parvulum.
813 3363 880 3420 Tnnr
933 3369 1035 3424 ruinam
1048 3377 1073 3423 et
1086 3371 1301 3426 resurrectionem
1319 3367 1459 3423 multorum
1473 3367 1500 3422 in
1515 3367 1609 3423 isreel.
1627 3367 1730 3424 linoln

96 3457 127 3513 illi
138 3475 213 3530 onem
227 3467 372 3533 parentes,
390 3459 514 3516 ridentes
531 3472 594 3531 otte
608 3457 679 3515 iacta
696 3459 815 3526 inerant,
833 3458 882 3515 nd·
933 3463 1165 3518 resurrectionem
1182 3459 1362 3528 tertium,sed
1378 3470 1404 3517 ct
1421 3462 1448 3515 io
1463 3461 1582 3517 rulnenr.
1610 3460 1639 3517 sl
1669 3475 1729 3516 me-

96 3552 246 3609 terebantur
253 3565 340 3624 super
350 3551 413 3608 lroc.
426 3551 461 3608 bt
474 3551 508 3608 de
516 3551 645 3609 simeone
657 3553 795 3620 scribitur,
808 3549 881 3624 quod
931 3555 988 3610 lum
1005 3562 1046 3610 est
1062 3553 1229 3621 interlicere,
1245 3555 1346 3610 melum
1363 3554 1398 3610 sit
1415 3562 1442 3608 et
1456 3553 1482 3608 in
1498 3552 1606 3610 rninnnt
1624 3554 1728 3612 renire.

96 3657 217 3702 rumorem
237 3645 351 3702 suxerit
365 3643 507 3714 miraculi,
534 3643 580 3700 rel
600 3658 697 3717 ntegtm
712 3657 774 3716 pnes
789 3643 883 3710 luerit,
932 3647 1002 3716 Quid
1017 3646 1243 3719 respondebunti
1255 3645 1389 3704 Utrumne
1403 3643 1534 3702 recedent
1549 3645 1650 3702 certitu
1661 3645 1730 3717 ejus,

97 3738 218 3811 tenuitque
232 3751 353 3811 puerum
366 3737 394 3793 in
406 3735 528 3794 breciriis
538 3739 607 3804 suis,
625 3745 652 3794 et
666 3739 718 3794 alt:
747 3735 828 3792 nio
841 3737 883 3793 ni·
929 3751 1103 3812 coquerent
1119 3739 1240 3810 aliquant
1257 3738 1532 3811 interpretationem,
1548 3747 1574 3794 et
1590 3737 1623 3792 nd
1638 3745 1732 3808 tropo·

96 3829 171 3900 oditis,
184 3829 296 3886 bordne
309 3872 317 3899 ,
338 3839 441 3885 rement
454 3837 528 3884 trum
542 3827 571 3884 in
583 3845 656 3904 pree,
669 3830 812 3885 erundum
824 3845 882 3885 oer-
932 3835 1018 3907 logias
1032 3833 1201 3908 confugient,
1213 3842 1244 3889 ut
1254 3829 1326 3905 quod
1339 3834 1366 3889 in
1384 3830 1489 3888 rtritrnm
1505 3831 1635 3898 renerlt,
1650 3829 1730 3887 beni·

96 3919 231 3993 lenticum,
244 3923 315 3996 gnie
326 3921 447 3979 siderent
466 3921 535 3978 oculi
546 3921 721 3979 meienintere
732 3934 816 3981 tuum.
828 3921 881 3981 tta-
931 3928 1064 4000 gnitniern
1079 3928 1164 4000 mogls
1183 3943 1264 3999 quern
1280 3927 1467 3983 nttsteritntern
1485 3927 1590 3982 eoneti
1606 3925 1639 3980 tlt
1661 3939 1731 3995 qno·

96 4016 188 4087 eligium
207 4025 245 4085 et,
261 4024 294 4073 nt
307 4015 344 4073 ita
356 4017 665 4090 dicem,culmensoper
681 4017 882 4090 nisqiiaejnctr·
932 4021 1017 4079 medo
1037 4023 1140 4093 ittstunr
1163 4021 1214 4078 erlt
1231 4019 1339 4092 igunrtdo
1354 4019 1418 4092 qttid
1442 4021 1469 4075 in
1495 4015 1648 4090 benogello
1676 4018 1730 4074 tnle

96 4107 180 4166 buntur
190 4111 224 4168 de
235 4111 317 4178 iesu,
334 4121 363 4168 et
377 4120 455 4183 peter
469 4121 497 4166 et
512 4121 600 4168 neuter
613 4111 687 4168 illins
701 4113 879 4183 mirabantur,
932 4117 1084 4190 reperitur,
1099 4117 1132 4171 ed
1143 4115 1292 4187 allegorias
1305 4125 1333 4171 et
1347 4129 1432 4170 riores
1448 4113 1643 4185 intelligentias
1663 4124 1730 4169 eou-

96 4205 326 4264 emosnnemis
350 4203 411 4262 luit.
440 4203 501 4261 ileo
520 4204 594 4262 enim
621 4205 720 4262 suilloit
739 4209 763 4263 ei
786 4214 883 4264 tenere
931 4209 1028 4282 lugere
1044 4227 1052 4266 ι
1069 4207 1289 4283 qnandoreroin
1302 4209 1387 4265 veteri
1413 4209 1617 4275 iustrumeoto,
1633 4203 1727 4264 stetint

97 4297 234 4368 mnrium,
250 4309 394 4371 etseqntc
408 4297 443 4355 de
456 4300 605 4372 semetipso
622 4300 723 4371 scripte
741 4313 805 4356 sunt
819 4316 881 4373 pro·
932 4319 1073 4375 accusare,
1085 4313 1113 4362 ct
1127 4304 1229 4360 trullam
1243 4304 1479 4377 explanationem,
1495 4301 1621 4376 quereris
1632 4299 1729 4374 probe·

97 4387 168 4459 boui,
180 4392 228 4448 sed
241 4391 384 4448 benedixit
399 4392 471 4464 petri
485 4391 560 4448 illins
572 4401 600 4450 et
614 4393 714 4450 metri:
729 4403 758 4451 et
772 4397 807 4452 de
821 4395 883 4468 lpse
932 4401 998 4458 bilis
1012 4401 1061 4471 sit,
1077 4399 1221 4472 recipere!
1235 4395 1289 4456 Sed
1306 4410 1333 4456 et
1348 4397 1399 4454 ltoe
1423 4398 1496 4471 qitod
1520 4397 1643 4470 seqoltur
1659 4414 1667 4454 ι
1692 4393 1726 4451 ln

97 4491 187 4552 guoque
197 4483 374 4555 progrbetrrit
387 4482 502 4552 inittnte,
518 4484 630 4542 dicens:
646 4485 714 4543 Ccce
725 4487 767 4544 iiie
780 4491 883 4563 periise
927 4493 1061 4567 indicium
1074 4492 1189 4566 egerenti
1202 4493 1229 4548 in
1244 4487 1372 4548 murtrinr'n
1385 4493 1482 4558 istum,
1499 4499 1527 4546 ut
1546 4507 1599 4546 uon
1614 4487 1729 4545 uidentes

96 4575 157 4629 ‘⁸¹⁵¹'
167 4575 269 4632 ’'lilii''
281 4585 308 4631 θ’
319 4577 536 4633 'mimam
548 4579 690 4635 millium
705 4582 732 4636 l'i
745 4579 841 4651 brief,
857 4592 881 4641 ei
932 4591 1046 4659 uideant,
1061 4590 1138 4660 etqui
1150 4587 1236 4644 uident
1249 4587 1310 4643 cruri
1326 4587 1401 4659 finnt,
1416 4587 1540 4658 quemvis
1558 4593 1680 4658 querunt
1701 4591 1732 4640 ut

95 4664 881 4748 5⁸⁸³i⁸⁸i¹⁰l¹001137⁶¹¹500¹¹⁸ssTimiwilei'lilillssiil·
932 4686 1105 4755 edisserent,
1135 4683 1319 4755 implercnon
1335 4689 1474 4754 poterunt.
1501 4679 1559 4753 ugo
1581 4695 1648 4736 rere
1665 4679 1728 4750 quin

97 4773 155 4814 nen
167 4765 331 4835 mamilli
345 4765 461 4836 billius
476 4773 505 4820 ¹⁸¹
515 4765 661 4821 '‘vestiit“
676 4769 708 4823 tie
721 4771 810 4826 militis
822 4787 881 4826 cor·
932 4786 999 4851 opto
1022 4791 1083 4834 esse
1097 4773 1112 4816 l
1124 4775 1354 4843 Ecclesiasticus,
1370 4785 1397 4831 et
1419 4789 1474 4831 non
1490 4773 1525 4830 ab
1547 4769 1729 4829 heresiarche

98 4852 160 4909 iiiiii
172 4860 349 4931 consimiliter·
369 4855 441 4928 Quid
455 4858 509 4916 sibi
522 4860 581 4917 vult
596 4862 668 4934 quod
683 4866 731 4935 eit,
752 4865 820 4924 Eece
838 4867 880 4926 ltie
932 4873 1036 4945 ulique,
1048 4869 1096 4929 sed
1112 4888 1125 4927 n
1141 4869 1246 4928 Christi
1258 4867 1393 4927 vocobulo
1408 4869 1571 4941 nuncupari,
1586 4878 1614 4926 ct
1627 4866 1730 4924 bebere

98 4946 180 5014 metet
191 4951 269 5007 estin
293 4952 400 5006 rnincnr
418 4959 443 5006 et
468 4956 684 5011 resurrectionem
697 4958 839 5017 multorum
852 4963 880 5019 in
932 4981 1031 5025 nomen
1047 4961 1119 5038 qnod
1131 4963 1303 5022 benedicitur
1316 4977 1400 5036 super
1412 4971 1525 5028 terrum,
1539 4969 1566 5018 et
1582 4960 1662 5032 cupio
1674 4971 1729 5016 tent

98 5033 191 5098 letti?
215 5041 287 5101 fluit
310 5041 377 5116 quid
389 5043 483 5101 simile
508 5043 537 5102 in
552 5046 702 5120 Evangelio
727 5055 879 5116 secundum
932 5075 1017 5132 opere
1030 5073 1112 5132 guam
1125 5073 1207 5116 sensu
1222 5069 1250 5116 ct
1260 5073 1321 5116 esse
1332 5067 1360 5115 ct
1373 5057 1427 5115 dici
1439 5056 1623 5124 Christi-mus,
1639 5069 1729 5125 neque·

129 5254 140 5283 ¹¹
157 5245 292 5322 Colligere
307 5249 373 5306 binc
385 5249 460 5318 licet,
477 5250 708 5321 quemadmodum
724 5266 752 5313 et
762 5257 879 5318 interius
930 5265 1089 5321 recoluisse.

99 5331 126 5371 er
136 5316 303 5401 bomillnrtnn
319 5322 354 5378 ld
368 5320 608 5406 etidclrusnlis,
624 5326 739 5398 aliisque
751 5331 879 5398 plurimis
968 5336 982 5376 b
998 5336 1101 5393 llutnns
1125 5335 1195 5393 bene
1208 5335 1321 5408 origeni
1338 5333 1468 5401 leudem,
1493 5333 1564 5404 ntiod
1580 5332 1731 5389 interneci-

100 5387 166 5454 loets,
179 5408 246 5462 quos
260 5393 295 5450 nd
307 5393 441 5480 iiomrlres
455 5411 482 5449 tn
496 5394 641 5479 decentiam
657 5409 739 5470 stqtre
755 5403 882 5461 Ezecitie·
932 5424 998 5464 num
1014 5423 1074 5464 curn
1091 5409 1228 5464 ltaeretieis
1243 5409 1345 5464 bellum
1356 5413 1489 5481 perpetuo
1501 5405 1626 5478 gesserit,
1641 5419 1728 5472 cenric

99 5457 143 5515 lem
157 5463 319 5551 notavimus,
334 5478 455 5522 senstssc
463 5463 620 5551 origenem,
630 5471 880 5545 orandumqttidem
933 5478 1065 5536 continuo
1080 5479 1168 5537 teneri
1183 5479 1315 5552 fletriiter,
1330 5494 1363 5536 ne
1376 5476 1452 5536 credi
1462 5475 1594 5547 iusserit,
1620 5491 1679 5546 nune
1692 5475 1726 5532 nli

99 5545 150 5586 tint
161 5533 240 5618 ietre
265 5533 377 5607 Filium,
402 5537 451 5593 scd
472 5535 582 5594 dnerso
607 5542 740 5600 orationis
760 5553 879 5618 genter-e:
933 5551 1058 5608 Ecclesia
1083 5560 1311 5623 proponerentur.
1335 5549 1491 5619 Pendulus
1513 5550 1539 5604 in
1566 5545 1724 5618 Apologia:

99 5605 198 5670 nnaetilr
213 5608 327 5691 multem
339 5607 470 5665 invidiam
485 5608 608 5667 doctrine
623 5617 749 5684 peperit,
766 5617 880 5688 perinde
935 5623 1085 5689 Quomodo,
1101 5624 1201 5693 inqtrit,
1218 5625 1339 5678 unriurein
1353 5621 1535 5678 leterico-ton
1552 5619 1672 5694 dogmate
1683 5619 1729 5672 de·

100 5684 170 5745 etgtte
183 5689 330 5762 sensisset:
357 5677 420 5736 Non
435 5685 639 5765 erselornndnrn
653 5684 773 5753 Filium,
800 5709 882 5764 neque
933 5697 1111 5778 strueremus
1130 5693 1287 5768 (Origenes)
1307 5710 1407 5766 setttpn·
1434 5689 1612 5760 Apostolicutn
1631 5690 1729 5761 confir-

100 5761 148 5799 enn
160 5743 349 5809 FriroPntrenr.
365 5751 425 5810 Hoc
435 5768 564 5814 nimirum
577 5757 882 5834 crimineturilteoplri·
933 5767 1040 5822 mouerit
1053 5763 1143 5838 indere,
1155 5767 1177 5820 si
1195 5767 1303 5822 ueiinrur
1327 5779 1415 5820 corner
1435 5762 1576 5820 sententies
1591 5760 1646 5830 ejus
1669 5777 1732 5816 eon·

100 5813 136 5870 lus
148 5819 173 5901 in
185 5821 310 5893 synodus
326 5824 436 5882 anobis
450 5825 568 5896 primum
583 5829 691 5899 rttigtttu
702 5830 773 5888 inter
786 5831 882 5892 iliero·
934 5855 1058 5910 gregare,
1072 5849 1096 5895 ei
1113 5837 1219 5912 iungunt
1233 5838 1298 5894 sctis
1313 5846 1372 5904 eet,
1396 5845 1418 5890 et
1433 5835 1483 5890 erit
1497 5843 1548 5890 turn
1572 5835 1668 5899 euobis,
1692 5833 1737 5907 gui

102 5895 387 5969 nunnamenster,
404 5912 445 5975 n.
459 5897 503 5968 2„
517 5898 570 5956 eoi.
583 5897 654 5972 bil,
671 5916 750 5975 quent
772 5903 882 5979 jttnebit
935 5909 1089 5982 scribimus,
1106 5924 1260 5984 onnornnt,
1273 5923 1350 5982 gunni
1362 5905 1505 5980 legentiint
1518 5906 1663 5966 introsum.
