4000 6334
140 332 184 389 tlt
464 322 499 382 tu
519 318 743 393 SUBSEQUENS
762 316 979 377 aauttatutttt
998 316 1033 378 tu
1051 317 1210 379 mutulos
1228 318 1429 381 tuuoututti.
1724 319 1780 381 8l⁸

139 452 277 519 tunquam
291 443 318 501 in
331 442 469 500 mulorum
480 440 543 513 lupa
555 437 683 497 rideatur
693 438 827 511 exposita.
843 436 927 493 Exiti·
938 436 964 499 Α
976 450 1047 507 opus
1060 452 1252 495 moremur...
1261 435 1364 495 deinde
1378 435 1566 505 subsistimus,
1579 435 1628 493 ubl
1640 448 1685 493 res
1696 435 1785 507 eoepit

137 540 197 599 litio
209 551 272 595 rere
285 552 342 595 non
365 535 456 607 operis
472 550 580 606 parum,
602 548 635 591 ae
653 532 768 606 laboris,
791 532 839 591 sed
855 547 925 589 uon·
976 546 1040 589 esse
1054 531 1082 588 in
1096 533 1225 589 manilius
1243 551 1250 588 ι
1276 530 1311 588 ad
1326 530 1478 589 sedendum
1494 544 1560 587 nero
1579 529 1781 598 convertimur,

137 646 270 707 numquam
284 630 347 687 ritae
363 628 462 687 meritc
474 628 507 685 ad
521 636 534 667 ¹
549 626 630 683 iidem
649 626 739 683 aditus
754 625 853 698 aperit,
870 635 925 683 cte
975 628 1086 702 nequitie
1100 630 1156 699 jam
1179 624 1194 665 ¹²
1208 637 1315 698 parato.
1333 625 1390 683 lioc
1403 633 1516 682 sarrctue
1531 623 1618 681 Dauid
1641 624 1691 689 ait,
1706 624 1781 695 quud

136 728 232 785 diuerso
242 725 275 782 ad
286 725 433 795 perfectam
444 723 627 796 cognitionem
638 722 758 792 muratis
769 720 783 761 b
796 722 924 788 oirstrrrit3
975 722 1024 779 ille
1039 738 1105 781 rere
1124 724 1220 781 beatus
1233 723 1280 785 sit¹
1293 719 1341 793 qui
1357 735 1445 792 oeque
1458 719 1555 789 primis
1571 717 1684 791 quidem
1696 718 1781 776 resti·

136 836 191 879 nam
203 819 288 876 ueluti
301 816 463 891 quibusdam
486 815 607 873 tenebris
627 813 847 872 conuersationis
861 826 924 869 eer·
974 813 1028 887 qiis
1041 816 1190 885 impietatis
1206 814 1403 887 cogitationem
1418 810 1490 868 adiit
1501 811 1547 868 rel
1568 813 1711 883 ingressus
1723 818 1779 877 est,

22 954 24 999 ‡
135 924 184 971 tum
197 922 207 951 ⁶
222 911 396 981 intercludit,
409 920 436 967 et
446 909 542 982 purius
551 906 665 978 impedit
680 921 760 964 unam
777 907 847 965 lanc
860 921 923 978 par·
975 922 1064 979 neque
1078 908 1205 965 allectum
1220 905 1299 979 prael
1312 908 1453 977 operis...
1477 906 1590 977 reperit,
1612 920 1703 977 despue
1723 904 1779 962 ulla

136 1018 182 1065 tem
201 1004 318 1063 maxime
333 1002 484 1076 Scriptum
503 1000 603 1059 divium
616 1000 718 1073 ttoysis
733 1000 874 1057 excolere·
890 997 925 1053 lii
975 1019 1021 1060 rea
1038 1003 1161 1060 irretitur
1174 1003 1253 1059 malae
1267 1000 1424 1058 dilectionis
1438 1000 1581 1067 illecebra,
1592 1014 1653 1072 qnae
1666 1000 1781 1057 numina

132 1100 187 1158 ideo
198 1098 279 1155 etiarn
293 1097 322 1155 in
331 1098 460 1170 praesenti
469 1096 646 1168 psalmuante
657 1093 822 1151 documenta
837 1092 922 1150 disei-
972 1098 1123 1167 cuppedia,
1139 1107 1167 1154 er
1177 1096 1310 1154 sessionis
1323 1094 1453 1166 prendit,
1475 1106 1504 1150 ut
1520 1109 1617 1151 eurum
1631 1093 1779 1151 consortie

133 1194 196 1267 plina
219 1190 332 1249 muralis
356 1190 500 1257 indicitur;
524 1204 586 1245 nam
611 1184 739 1245 adesset
761 1202 777 1243 a
801 1186 921 1257 perlecta
971 1193 1145 1266 iungeretur,
1174 1190 1183 1231 ¹
1215 1192 1263 1248 sed
1294 1190 1412 1247 aliorum
1443 1188 1650 1259 simplicitatem
1672 1204 1781 1246 venenu

131 1286 178 1344 ide
189 1300 293 1341 morum
308 1284 389 1357 titia,
406 1282 538 1356 Aputiolo
553 1291 635 1349 teste,
651 1280 800 1351 discamus,
821 1278 869 1351 (lili
885 1278 923 1335 iii
973 1302 1031 1345 suu·
1046 1287 1189 1359 prauitatis
1202 1286 1341 1342 inliciunt.
1356 1284 1415 1340 llos
1426 1286 1499 1341 euim
1511 1285 1673 1351 pestilentes
1684 1294 1777 1351 necat,

23 1390 24 1393 ’
130 1380 159 1437 ad
170 1376 326 1435 Corinthios
338 1394 346 1435 ι
359 1376 421 1433 Νοιι
437 1377 511 1449 potari
523 1375 594 1432 nolis
606 1375 678 1447 loqui
687 1373 763 1447 qemi
774 1372 923 1445 spirituali-
972 1396 1089 1455 qrrppum
1104 1388 1149 1437 ess
1162 1381 1242 1452 plane
1264 1379 1392 1435 morbosa
1412 1378 1580 1449 conjrnnerio.
1605 1378 1674 1435 Νιιιιι
1690 1379 1776 1436 etium

130 1474 178 1539 Μ
190 1473 235 1529 ¹⁶⁶
249 1477 327 1545 illlm
337 1471 496 1537 “illuditis
507 1470 583 1541 quasi
595 1467 710 1541 dinifii
722 1470 751 1523 51¹
760 1465 865 1524 Cissim
874 1481 884 1523 ·'
894 1474 922 1522 θῑ
972 1476 1137 1548 pestilentie.
1150 1474 1293 1551 preprium
1305 1481 1360 1538 est,
1382 1473 1418 1529 ab
1440 1490 1496 1529 uno
1510 1473 1539 1529 iu
1560 1474 1676 1531 alterum
1701 1483 1778 1531 tran·

128 1564 492 1639 ilbl⁰⁰85120⁸²¹¹³¹¹5m⁸⁵²¹¹
504 1566 636 1633 ”lmiiir
648 1572 922 1630 elioiwimssilla·
973 1572 1091 1640 senode,
1114 1571 1229 1627 iniicere
1253 1570 1402 1625 multorum
1423 1582 1542 1639 corpora
1564 1577 1646 1639 atque
1667 1568 1778 1625 vitiare.

128 1658 160 1717 lu
173 1659 242 1724 arta,
256 1667 280 1713 et
297 1657 439 1715 mudum
452 1656 584 1713 'minim
595 1655 748 1724 “militiis
759 1669 821 1711 ⁰¹¹⁰]
835 1668 921 1711 ⁰⁰⁰⁰·
974 1664 1002 1721 Ν
1005 1682 1038 1721 on
1049 1665 1114 1721 odiit
1136 1678 1203 1735 ergo
1216 1660 1348 1733 diceudo,
1363 1675 1495 1717 assensus
1513 1660 1710 1733 cogitationum
1725 1675 1779 1717 no·

21 1796 22 1839 3
129 1751 206 1809 intio
217 1750 367 1823 Cornelius
379 1747 414 1806 δᾶ
429 1748 512 1807 fldem
525 1748 572 1805 ⁸1¹·
582 1788 589 1804 ·
601 1787 625 1803 ··
974 1760 1051 1823 tavit,
1068 1758 1168 1830 quilius
1183 1756 1217 1813 ad
1233 1770 1333 1828 praras
1347 1755 1540 1827 sucgestiones
1552 1754 1687 1825 rapimur,
1703 1764 1732 1811 et
1747 1754 1776 1810 in

21 1892 23 1897 .
156 1845 247 1917 ltaque
258 1852 449 1917 argumentum
460 1852 502 1899 est
513 1840 657 1914 presentis
665 1839 763 1913 psalmi
776 1840 921 1896 nominum
936 1832 1073 1923 qupbus
1098 1850 1210 1906 tinuerit
1233 1848 1370 1921 impleret
1389 1848 1542 1919 proprium.
1561 1846 1615 1919 Qui
1638 1863 1704 1903 rere
1726 1848 1776 1915 ait,

21 1954 23 2015 ς
126 1940 292 2014 deprecantis
303 1939 336 1995 ad
352 1936 529 1995 reserandum
542 1936 722 2004 intellectum,
737 1943 766 1992 et
777 1934 919 1993 accedere.
973 1960 1026 1999 epe
1054 1944 1137 2009 eteris,
1160 1956 1309 2013 numquam
1332 1941 1359 1996 in
1384 1956 1469 2011 opere
1484 1941 1586 1997 exiisse
1607 1939 1723 2005 indicat,
1749 1940 1778 1997 in

127 2036 186 2093 Etsi
201 2049 318 2092 neeesse
333 2032 416 2090 luerit
430 2047 481 2106 pro
503 2029 726 2089 consideratione
748 2040 852 2095 nostra,
874 2042 921 2085 uc·
971 2034 1045 2107 qnod
1058 2035 1188 2107 ecqitatio
1200 2033 1323 2090 animum
1333 2040 1520 2104 suggesserat,
1535 2032 1608 2103 qued
1621 2032 1773 2089 tamenim·

21 2190 22 2193 ,
126 2133 289 2188 currentium
301 2130 391 2203 eliqua
406 2129 486 2186 latius
497 2127 647 2201 explicare,
663 2142 717 2186 neu
727 2126 922 2184 obliviscemur
973 2130 1082 2201 plemus
1102 2142 1166 2184 cum
1186 2126 1348 2185 delectatio
1374 2126 1436 2183 aliis
1456 2126 1587 2198 operibus
1601 2126 1720 2199 pradum
1743 2124 1776 2182 ir·

21 2224 22 2227 ’
127 2224 192 2295 ejus,
207 2238 291 2295 quam
317 2222 494 2295 proruisimus
517 2220 546 2277 in
568 2220 740 2293 prelatione,
764 2219 918 2277 breuitatis.
971 2238 1082 2295 gere...
1106 2234 1138 2276 ac
1160 2221 1259 2291 saepius
1284 2218 1425 2274 restitere.
1451 2218 1504 2274 Per
1522 2218 1660 2276 entiredrae
1681 2220 1776 2275 inses-

125 2320 167 2375 llic
180 2320 302 2375 maxime
316 2316 488 2375 servabimus
508 2316 536 2373 iu
552 2316 683 2387 presenti
701 2314 815 2385 psalmo,
839 2321 868 2371 et
891 2316 918 2370 in
971 2317 1076 2373 sionem
1091 2315 1136 2369 ille
1148 2312 1284 2386 signatur,
1297 2314 1342 2385 qui
1359 2314 1395 2367 ita
1407 2311 1570 2379 delectatur,
1586 2321 1614 2368 et
1624 2310 1775 2383 requiescit

124 2413 227 2485 reliquis
240 2411 380 2471 omnihus.
395 2417 425 2467 ut
436 2424 545 2467 omnem
557 2408 727 2465 intellectum
744 2408 772 2464 in
783 2422 918 2464 summam
971 2410 998 2467 in
1014 2408 1084 2464 mula
1100 2406 1311 2475 consuetudine,
1326 2415 1356 2463 ut
1368 2406 1481 2476 reliquis
1491 2406 1615 2476 eiusdem
1628 2406 1712 2461 studii
1724 2404 1775 2461 ie-

122 2504 283 2577 rediqeutes,
297 2504 415 2561 strictim
429 2501 502 2575 quod
516 2500 662 2558 dicendum
676 2508 720 2557 est
734 2500 916 2572 explicemus:
971 2502 1091 2561 minibus
1114 2501 1174 2559 sine
1199 2500 1257 2559 ullu
1279 2500 1456 2557 verecundior
1481 2499 1633 2557 misceatur
1647 2514 1772 2556 assensu.

121 2604 243 2676 quoniam
264 2618 318 2658 nnn
334 2600 414 2659 nohis
433 2600 604 2673 propositum
623 2608 667 2657 est
690 2600 801 2657 ‘latius
820 2609 917 2656 cuneta
969 2599 1023 2669 Qui
1048 2611 1116 2655 rere
1139 2598 1287 2669 impiorum
1313 2594 1430 2653 cornsilia
1455 2594 1567 2666 posuit,
1592 2603 1771 2666 peccatorum

20 2730 21 2735 κ
119 2698 256 2771 prosequi,
279 2696 328 2754 sed
342 2696 501 2753 snrnnrntim
524 2694 661 2753 dictorum
682 2695 804 2751 omniurn
820 2708 919 2751 sensus
970 2709 1039 2751 vero
1058 2707 1154 2766 opera,
1183 2689 1251 2747 satis
1273 2689 1307 2747 ad
1323 2700 1471 2761 utrumque
1487 2688 1620 2761 respexit.
1643 2688 1773 2757 impietas

120 2792 260 2862 attingere,
276 2802 307 2847 ut
320 2790 408 2863 possit
423 2790 537 2847 lecturis
548 2788 733 2860 expositionis
747 2786 757 2828 ¹
776 2790 861 2859 prima
877 2786 917 2843 ia·
969 2790 1043 2847 enim
1057 2787 1091 2844 ad
1112 2785 1289 2859 agitationem
1304 2784 1406 2841 urentis
1418 2782 1551 2855 pertinet,
1567 2791 1596 2838 et
1607 2788 1703 2837 mutus
1717 2795 1774 2835 non

119 2886 171 2943 cies
183 2886 322 2951 relucere,
347 2884 402 2941 illis
417 2883 606 2955 relinquentes
624 2880 784 2938 occasiones
806 2879 918 2951 maioris
969 2893 1046 2941 recte
1060 2880 1160 2936 suinae
1173 2878 1335 2935 sentientis:
1349 2877 1494 2933 Peccatum
1507 2890 1573 2931 vern
1585 2875 1612 2929 in
1626 2889 1684 2929 reru
1698 2874 1774 2931 aeliu

20 3046 21 3051 η
120 2978 319 3051 intelligentie,
338 2975 514 3035 siuelucrint
536 2976 638 3048 aliquid
661 2975 774 3043 addere,
795 2990 856 3046 quac
874 2981 917 3030 ta·
966 2975 1023 3049 jam
1039 2973 1166 3032 deducta.
1186 2970 1313 3029 Tertium
1326 2969 1396 3043 quod
1417 2966 1552 3025 addiditl
1569 2969 1693 3040 utrisque
1707 2966 1775 3023 surb-

20 3082 21 3085 ’
119 3086 176 3129 men
201 3089 218 3130 a
241 3072 383 3145 praemissa
410 3073 639 3143 interpretatione
665 3086 719 3127 nou
744 3068 916 3142 discrepen13
967 3066 1150 3143 lecit,'quam
1170 3081 1224 3124 uun
1243 3065 1332 3121 sulum
1356 3062 1384 3119 lxi
1410 3062 1572 3133 pestitentes
1595 3070 1771 3129 vocarentur,

117 3166 164 3223 ista
178 3168 253 3223 euim
269 3166 327 3224 reri
340 3171 384 3223 est
394 3164 549 3222 intellectus
563 3164 715 3237 perceptio,
730 3172 759 3221 ut
770 3179 820 3235 per
830 3162 916 3219 histu-
969 3164 1016 3236 qui
1042 3160 1114 3219 male
1129 3157 1274 3217 sentiendo
1288 3163 1471 3229 corrumpunt
1484 3154 1617 3225 reliquos,
1632 3162 1661 3211 et
1680 3154 1772 3211 socie·

117 3259 161 3317 rie
175 3260 259 3317 iidem
278 3270 401 3317 tenmem
422 3258 602 3331 expositionis
622 3268 758 3329 aptemus,
781 3266 808 3315 et
824 3266 837 3306 ι
852 3226 954 3315 een·C
970 3266 1028 3315 tate
1047 3272 1096 3314 sua
1114 3256 1273 3327 perimunt:
1293 3268 1389 3309 rerum
1404 3252 1488 3308 eriam
1503 3250 1545 3307 iili
1558 3252 1605 3324 qui
1629 3251 1692 3307 tolie
1705 3264 1775 3307 con·

117 3354 260 3413 einneuter
272 3369 305 3412 ea
318 3370 379 3427 quae
393 3352 510 3412 dicenda
524 3363 589 3411 sunt
610 3355 793 3426 proferamus.
969 3352 1048 3411 tertii
1067 3351 1171 3408 bunum
1186 3347 1406 3407 conversationis
1424 3360 1483 3402 sue
1502 3353 1585 3401 rectu
1607 3344 1770 3416 intrinquut.

149 3446 248 3503 Beatus
260 3449 311 3513 uir,
325 3448 372 3521 qai
383 3463 435 3503 non
454 3446 519 3503 adiit
539 3448 567 3503 in
590 3448 708 3515 consilio,
727 3462 824 3519 usque,
839 3448 917 3504 redd.
969 3446 1074 3519 Quibus
1089 3444 1117 3501 iu
1139 3451 1225 3501 totum
1245 3456 1299 3497 non
1312 3438 1528 3505 admiscentem
1542 3435 1595 3493 sibi
1617 3435 1629 3477 1
1723 3449 1775 3506 op-

120 3540 258 3598 interdum
272 3541 414 3610 Scriptura
426 3539 517 3597 divina
535 3541 607 3599 iuter
618 3541 730 3612 impium
746 3551 772 3600 ct
793 3549 918 3613 peccatu-
968 3543 1036 3600 time
1047 3538 1229 3597 consulentis.
1245 3536 1281 3594 Et
1296 3535 1360 3592 ideo
1380 3536 1453 3591 nurrc
1474 3532 1521 3605 qui
1543 3546 1594 3604 per
1608 3532 1700 3588 omnia
1722 3531 1772 3587 de·

116 3648 172 3690 rent
185 3633 253 3691 lauit
266 3632 452 3691 differentiam
465 3652 472 3689 ι
484 3633 599 3706 impium
614 3649 718 3692 uocaus
735 3635 781 3692 liei
795 3635 854 3692 veri
868 3650 916 3693 ne-
966 3638 1054 3695 clinat
1067 3652 1083 3693 a
1096 3636 1198 3694 talibus
1210 3634 1321 3691 beatum
1333 3632 1480 3704 presentis
1494 3630 1594 3703 psalmi
1608 3630 1693 3687 lectiu
1704 3628 1775 3685 ‹teu-

118 3728 204 3787 titiam
219 3743 273 3786 uun
287 3729 446 3787 laberrtem:
458 3738 631 3801 peccatorem
643 3744 720 3799 uero,
737 3730 844 3787 ironeati
856 3744 916 3787 rec·
965 3732 1045 3791 nirit.
1059 3730 1111 3802 Qui
1126 3730 1163 3787 ita
1176 3739 1255 3786 actus
1269 3741 1334 3784 suos
1348 3726 1547 3799 circumspicit,
1560 3734 1591 3780 ut
1602 3726 1686 3783 etiam
1701 3732 1722 3763 ¹¹¹
1735 3723 1770 3781 alt

117 3822 188 3895 tique
204 3823 341 3880 tramitem
361 3838 414 3880 nen
430 3831 589 3880 tenentem:
605 3832 695 3880 tamen
711 3825 756 3879 iulii
776 3824 915 3881 communi
968 3825 1067 3883 alienis
1087 3824 1157 3881 mala
1180 3821 1374 3878 sollicitatione
1386 3818 1529 3876 declinet:
1550 3826 1579 3873 et
1600 3825 1722 3883 veretur,
1738 3830 1774 3874 ue

116 3914 250 3971 rocalrulu
276 3924 423 3987 utrumque
444 3912 590 3987 significet,
618 3915 644 3970 in
671 3916 798 3985 praesenti
824 3922 915 3972 tamen
970 3918 1066 3975 alienis
1097 3914 1213 3972 maculis
1236 3912 1342 3971 candor
1366 3928 1431 3967 suus
1454 3911 1614 3982 puritasque
1637 3911 1772 3966 insuetur.

115 4006 225 4064 ridetur
239 4006 330 4064 iacere
343 4006 549 4064 distinctionem
563 4022 570 4061 ι
585 4008 714 4078 quoniam
730 4006 798 4075 vult,
813 4008 858 4079 qui
880 4008 917 4063 sit
968 4020 983 4049 ¹²
1004 4010 1142 4079 Quoniam
1159 4008 1298 4064 tendendo
1312 4006 1346 4061 ad
1362 4000 1576 4071 beatitudiuem,
1600 4017 1656 4058 non
1671 4000 1774 4058 sullicit

115 4108 239 4157 sectator
253 4099 432 4173 perfectiouis
444 4101 611 4171 exprimere,
627 4101 671 4157 cui
693 4099 776 4157 etiam
800 4100 917 4159 uestitu·
969 4104 1101 4162 recedere
1114 4110 1218 4159 mutum
1232 4116 1248 4156 a
1260 4100 1359 4156 malis:
1376 4097 1484 4153 scilicet
1494 4096 1579 4153 etiam
1595 4096 1666 4153 tona
1681 4095 1772 4152 lacere

115 4190 211 4249 dinem
225 4193 311 4250 eredit
322 4194 375 4249 rite
391 4202 558 4264 eunrpetere,
575 4194 616 4249 vel
632 4205 745 4265 propter
766 4194 915 4265 perlectam
970 4210 1084 4253 necesse
1096 4202 1147 4251 est.
1162 4192 1280 4250 inieriua
1291 4192 1349 4247 ait:
1366 4190 1420 4249 Sed
1431 4192 1458 4245 in
1472 4190 1528 4263 iope
1538 4186 1648 4244 Domini
1659 4188 1711 4261 fait
1722 4203 1770 4241 ao·

115 4283 149 4341 de
162 4286 270 4343 licitate
282 4287 472 4356 notitiam,rel
485 4293 596 4357 propter
605 4288 695 4343 studia
706 4288 769 4345 vitre
783 4289 915 4347 melioris.
969 4291 1067 4358 lantes,
1092 4302 1189 4361 usque,
1215 4286 1267 4354 die,
1288 4302 1321 4342 uc
1340 4293 1425 4341 noete.
1453 4282 1514 4340 Nou
1540 4284 1641 4349 sulum,
1669 4280 1768 4351 inquit,

116 4376 198 4445 Quod
215 4382 339 4446 vmoait,
351 4394 403 4435 non
414 4379 489 4447 odiit,
503 4380 646 4447 nonatetit,
663 4396 715 4437 non
726 4382 803 4449 sedit,
818 4382 917 4439 animat
968 4385 1061 4442 studet
1071 4382 1206 4440 maiorum
1217 4380 1356 4437 consortia
1371 4378 1523 4447 declinare,
1537 4389 1634 4434 rerum
1647 4372 1769 4442 assidua,

116 4482 211 4529 uictus
228 4473 417 4545 corporalibus
442 4471 531 4545 signat
555 4472 680 4540 indiciis3
702 4474 831 4545 quoniam
853 4491 915 4534 cum
968 4487 996 4536 et
1014 4477 1074 4550 jugi
1090 4474 1269 4531 meditatione
1284 4472 1365 4544 legis,
1377 4470 1470 4538 discit,
1486 4467 1596 4542 qualem
1606 4480 1637 4523 se
1650 4464 1771 4522 lormare

116 4564 222 4639 aliquid
245 4566 372 4625 molimur
398 4564 519 4634 ellleere,
542 4568 660 4639 primunr
677 4566 710 4623 ad
726 4566 915 4639 arripiendum
968 4568 1126 4629 conueniat.
1142 4566 1176 4623 Et
1187 4574 1217 4623 ut
1235 4565 1405 4622 fructuosum
1419 4559 1590 4633 husjusmodi,
1604 4556 1677 4632 qued
1691 4572 1770 4615 cum-

152 4733 167 4764 ·
181 4726 230 4782 llic
248 4740 357 4799 quoque
378 4723 504 4781 uenntlril
531 4722 662 4796 impedita
680 4726 767 4782 series
781 4726 914 4785 orationis
929 4734 955 4795 1)
1003 4739 1017 4778 s
1031 4728 1164 4786 Fortasse
1175 4726 1320 4799 terendum
1333 4732 1377 4781 est
1389 4726 1559 4782 continenter.

114 4806 160 4853 est
172 4814 182 4865 ;
196 4799 242 4855 sed
255 4796 341 4855 multu
354 4796 522 4867 impeditior,
537 4798 682 4868 minusque
692 4812 757 4853 sarra
772 4799 831 4869 ipsa
851 4814 916 4855 seu-
1004 4798 1019 4838 ¹²
1039 4798 1170 4871 Suspicor
1183 4797 1403 4865 rescribendum,
1419 4805 1536 4866 monde.

117 4874 205 4925 tentia
218 4870 352 4937 rideatur,
364 4872 387 4925 si
403 4870 497 4940 prnuae
518 4868 616 4925 merite
629 4870 703 4936 ritu,
729 4868 810 4925 lidern
833 4882 916 4943 posse
1008 4870 1016 4909 ἰ
1034 4870 1126 4927 llalirn
1137 4871 1182 4942 qui
1195 4869 1302 4940 reponi,
1314 4885 1365 4941 pre
1384 4869 1440 4925 sed.

116 4943 272 5011 quempiam
283 4938 397 5010 adipisci
405 4940 523 4996 censuit.
1006 4944 1013 4995 i
1034 4942 1147 4997 uidetur
1160 4941 1246 4998 multo
1264 4942 1365 4998 rectius
1381 4939 1527 5012 legendum
1550 4940 1724 5010 propositum.
1740 4940 1771 4997 ln

153 5010 745 5096 ¹³descripsimuseurrildenterodstrsit.prn
756 5026 809 5083 quo
820 5010 916 5072 vitiose
969 5014 1153 5099 subsequenti·
1173 5012 1302 5095 proxime
1317 5011 1586 5097 persuadentium,
1612 5028 1767 5095 numqaum,

116 5082 917 5229 ²ptmsrrqliptolioe't‘ffr‘inbiieurrrrlorgnrlrte’ltrtrflpr‘ris‚trtsensusutcumque
968 5084 1629 5233 εἶιέιῖἒὲξιίιιῃιριῖιίιιιίοὲιὲιιέιςῗιῗυῗωωυιωω·
1654 5081 1772 5142 mmm

115 5241 266 5296 cunctarer,
283 5229 329 5299 qni
353 5225 444 5281 nrrllus
457 5226 537 5295 plane
552 5236 611 5283 erat
631 5226 658 5281 iu
676 5240 727 5282 ms.
744 5234 916 5296 reposuimus
1004 5228 1082 5286 ¹‘ils
1107 5227 1241 5298 praeierre
1259 5226 1414 5294 ridebatur,
1441 5226 1598 5299 sidusque:
1623 5239 1689 5282 mcx
1716 5241 1768 5296 pro

116 5300 224 5366 purius,
236 5316 286 5371 pro
297 5298 409 5368 puritas,
424 5308 451 5352 et
462 5312 552 5363 unam,
565 5313 614 5367 pru
626 5314 718 5365 unum,
729 5298 846 5371 denique
862 5316 915 5358 une
968 5318 1057 5375 quem,
1082 5300 1177 5355 malim
1200 5299 1282 5372 qaod,
1309 5306 1357 5355 aut
1378 5298 1525 5370 qacoican:
1549 5296 1667 5368 denique
1689 5314 1770 5355 socn-

116 5372 204 5427 rcrim
216 5370 333 5427 lecimus
346 5366 473 5433 excolere,
485 5382 535 5440 pro
548 5384 602 5439 que
623 5379 681 5426 erat
696 5369 816 5437 «luobus,
828 5388 861 5426 ee
872 5388 917 5427 co-
969 5382 1069 5435 rentur,
1083 5386 1135 5443 pro
1149 5380 1295 5427 remeetur.
1685 5404 1690 5411 -

117 5440 191 5525 tore,
203 5442 381 5527 satiauupino
399 5439 547 5511 antiquarii
569 5439 655 5511 lapsu.
673 5440 749 5497 llaud
765 5444 834 5514 seio,
852 5459 916 5501 uum
1008 5442 1019 5483 ¹
1036 5443 1138 5529 supple
1157 5458 1208 5527 pro
1230 5455 1317 5500 uacuo
1339 5440 1441 5513 spatie,
1454 5438 1567 5497 dominis
1579 5453 1589 5495 .·
1602 5448 1651 5497 aut
1674 5442 1768 5513 mriod,

117 5512 721 5667 tutudit*itt*iitltittpttt‘ti„
740 5584 862 5657 ,effron
885 5586 917 5657 ι.
971 5513 1243 5643 ““ῑιῖἐὲιξιῗέῗιι.
1259 5583 1468 5658 nospsos

117 5654 180 5710 des.
1008 5666 1023 5697 ¹¹
1037 5656 1217 5715 Restituimus
1229 5674 1264 5714 cx
1277 5657 1388 5729 ingenie
1407 5657 1462 5724 liic,
1477 5655 1620 5725 Quoniam,
1634 5664 1662 5713 et
1675 5655 1703 5712 iu
1717 5654 1772 5714 ilua

167 5734 180 5765 e
193 5727 240 5787 llic
254 5730 371 5789 aiteram
384 5724 498 5798 rreqandi
510 5725 669 5795 particulam
678 5726 846 5784 induximus.
970 5738 1204 5797 permutantem,
1218 5746 1267 5801 pro
1279 5728 1382 5801 quibus
1394 5739 1521 5799 corrupte
1533 5737 1592 5784 erut
1606 5726 1634 5785 in
1652 5742 1769 5800 apogra-

118 5794 180 5943 wg
189 5800 298 5947 lain
310 5814 362 5929 rrln‘s.
374 5798 481 5869 vitreae,
489 5800 575 5873 facie,
585 5809 612 5855 et
621 5798 918 5874 urux,reiioquentidua,
970 5800 1035 5875 phu,
1050 5818 1140 5875 quem,
1152 5810 1180 5858 et
1194 5810 1290 5857 temen.
1333 5850 1337 5858 .

190 5887 202 5925 ι
270 5890 319 5930 serr
345 5889 369 5929 a.
