4000 6334
230 303 264 358 bi
851 299 881 354 S.
904 286 1042 354 adsedit
1061 291 1251 353 ntnnobittt
1844 297 1880 355 84

229 421 338 477 locutas
358 428 401 477 est
420 419 554 490 siundiei,
580 427 592 457 ¹
610 415 676 474 nilrll
689 417 829 488 signorum
842 415 959 470 iaciens:
974 423 1026 485 ego
1039 416 1066 476 A
1079 414 1125 470 bat
1138 414 1210 470 enirn
1223 411 1354 484 templum
1369 413 1536 481 indueram,
1554 423 1582 471 et
1591 411 1730 471 Christum
1743 411 1882 485 bospitem

231 523 306 572 nnn
322 515 425 573 taciens
439 515 536 587 signa,
553 511 706 572 Beelzebub
720 509 884 568 calumniam
897 509 1030 567 sustineo.
1083 523 1136 565 non
1151 507 1287 572 babebat.
1314 509 1468 565 dicentem:
1499 507 1626 581 surgite,
1648 518 1672 563 et
1684 507 1806 564 obeamus
1820 505 1883 562 bino

233 609 426 681 Plasergoest
437 607 506 666 iona
520 607 582 678 bie,
596 607 623 662 id
643 613 706 675 est,
724 605 752 661 in
766 604 973 676 praesentiarum
989 603 1033 658 in·
1084 599 1175 673 (ioan.
1190 615 1246 672 aaa,
1258 598 1317 675 tlt).
1334 599 1368 658 Et
1381 601 1409 657 in
1423 603 1478 658 alio
1493 601 1572 658 loeo:
1586 599 1739 658 dimittetur
1751 600 1822 656 nobis
1835 599 1885 655 do·

233 710 277 760 ter
296 717 356 758 ros.
1084 709 1141 749 anus
1151 703 1233 749 aesna
1248 692 1438 767 desertoibur.
1452 709 1513 760 xnt,
1527 693 1585 768 55).
1611 693 1680 763 Quia
1694 695 1777 768 igitar
1791 704 1819 751 et
1834 691 1885 751 ilci

271 795 362 870 (iens.
378 793 438 869 tt.)
460 795 563 868 Regino
583 793 672 850 Austri
698 803 784 864 rut-pra
806 791 834 848 in
853 791 955 864 judicio
973 808 1033 846 cam
1084 795 1112 843 et
1125 787 1282 859 angelornm
1296 786 1422 857 presidia
1434 801 1489 843 non
1501 786 1650 859 babebaut,
1665 795 1693 846 et
1706 789 1794 845 ornati
1807 795 1886 846 erant

233 892 397 964 portentione
416 890 476 956 iata,
491 895 515 943 et
526 885 705 944 condemnabit
718 903 775 944 anm
792 887 854 959 puio
866 887 933 940 canit
946 901 961 940 o
972 883 1034 955 pini-
1085 880 1231 951 superfluis
1252 879 1491 939 obseruationibus
1510 877 1612 954 Legis,
1642 889 1671 938 et
1693 881 1887 938 traditionibus

235 985 283 1038 baa
298 992 374 1038 terta
387 981 478 1036 audire
492 977 818 1053 sapientiamsniomanie.
846 975 879 1030 Et
904 991 963 1032 cera
976 975 1035 1048 plus
1086 973 1308 1042 phariseorum,
1332 973 1482 1031 reuertitur
1504 973 1632 1033 diabolus
1655 974 1793 1032 adsedem
1807 989 1887 1031 suam
1994 1032 1995 1035 ,

235 1089 312 1148 garam
329 1073 454 1131 Salomon
477 1075 529 1128 iic.
558 1070 615 1146 84
626 1070 730 1128 Eodem
743 1067 1035 1127 uttodoeondemnabit
1085 1065 1229 1139 pristinam
1244 1085 1252 1122 ι
1269 1073 1296 1124 et
1306 1067 1463 1138 septenario
1477 1067 1530 1124 sibi
1543 1082 1657 1124 numero
1670 1069 1825 1124 damonum
1839 1065 1889 1124 ad·
1994 1046 1995 1105 3

236 1169 330 1240 regina
350 1167 444 1224 Austri
459 1167 589 1238 populant
603 1165 763 1223 ittdnoram
777 1208 785 1235 ,
801 1179 855 1236 quo
869 1163 1035 1220 condemna·
1086 1159 1155 1226 dito,
1168 1157 1275 1215 habitat
1288 1157 1431 1231 pristinam
1446 1158 1573 1226 domam.
1588 1169 1616 1216 et
1628 1160 1696 1217 bant
1706 1159 1778 1216 illias
1788 1159 1888 1232 populi

238 1264 303 1319 barn
316 1263 367 1318 viri
386 1261 513 1318 Niniriao
528 1259 657 1316 lsraelem
674 1259 855 1316 incredulum.
871 1255 926 1315 ista
943 1267 1036 1314 atatem
1087 1249 1234 1306 aot'itsima
1249 1249 1341 1323 peiora
1357 1251 1501 1323 prioribus.
1517 1251 1603 1308 binlto
1615 1253 1688 1310 enim
1704 1266 1777 1309 nanc
1789 1251 1889 1323 maiori

237 1363 279 1411 est
303 1355 498 1427 catarsina,
522 1353 555 1409 de
582 1367 633 1424 qna
647 1354 677 1409 in
691 1353 794 1425 Regum
809 1353 950 1410 uolumine
964 1358 993 1408 et
1007 1352 1036 1407 in
1087 1347 1240 1404 demonum
1261 1361 1379 1404 numero
1405 1345 1595 1419 possidentur,
1619 1347 1845 1421 blasphemantes
1859 1349 1890 1407 ia
1994 1352 1995 1403 ξ

236 1449 465 1522 Paralipomenon
480 1447 595 1520 legimus
609 1445 656 1522 (tit
669 1445 734 1520 liep.
752 1464 778 1516 s,
794 1445 817 1504 ll
831 1447 892 1504 Por.
906 1445 959 1520 ni:
975 1461 1037 1520 ntra
1089 1441 1232 1514 synagogis
1246 1440 1302 1498 sais
1315 1439 1455 1498 cinisium
1468 1437 1562 1498 iesum
1577 1483 1584 1504 ‚
1613 1452 1694 1514 qaam
1718 1439 1746 1498 in
1768 1438 1890 1516 AEgypto

237 1555 287 1611 per
300 1549 391 1596 totitas
402 1539 599 1608 diiiiealtatos,
624 1547 705 1612 gente
720 1553 769 1596 saa
783 1549 810 1597 et
827 1541 944 1613 imperio
958 1539 1038 1599 dere·
1090 1534 1210 1609 possessi
1229 1535 1338 1593 inerant
1349 1545 1413 1593 ante
1423 1535 1505 1609 Legis
1515 1536 1639 1593 notitiam
1653 1555 1660 1592 ι
1684 1537 1749 1609 qaia
1761 1537 1835 1594 aliud
1848 1544 1891 1595 est

241 1634 312 1692 lictis
328 1680 335 1705 ‚
356 1635 475 1690 venitin
491 1633 612 1690 loomin
627 1633 723 1691 andire
736 1633 898 1706 sapientiam
912 1633 1038 1693 Saietae·
1089 1640 1232 1689 ventarum
1244 1643 1301 1687 aon
1311 1629 1435 1696 eredere.
1450 1631 1524 1686 aliud
1535 1645 1598 1686 eam
1610 1645 1665 1688 non
1677 1631 1833 1702 suscepisse
1843 1629 1891 1704 qai

240 1730 293 1796 nis,
311 1740 338 1783 et
350 1729 374 1784 ci
390 1728 473 1783 malta
486 1742 599 1784 manera
617 1726 723 1784 detulit.
750 1727 779 1783 ln
794 1727 891 1784 Niniue
909 1736 1039 1784 atttetaet
1090 1727 1209 1782 uenerit.
1233 1724 1427 1796 septenariam
1451 1732 1541 1782 autem
1563 1739 1707 1781 numerum
1731 1725 1892 1796 adjunctam

239 1822 267 1875 in
280 1821 373 1890 regina
385 1818 476 1886 Saba,
492 1819 599 1875 occulte
612 1815 665 1890 [tt.
681 1817 801 1893 occulta]
816 1819 884 1876 lidos
899 1817 1038 1876 nationum
1055 1809 1211 1886 Bdiabolo,
1227 1819 1270 1875 rei
1286 1828 1397 1890 propter
1410 1818 1552 1875 sabiniam
1564 1817 1702 1889 intellige,
1719 1818 1761 1875 uei
1777 1827 1891 1892 propter
1994 1890 1995 1895 η

239 1914 385 1984 praei'ertar
400 1911 492 1968 israel.
1096 1927 1242 1970 numerant
1264 1911 1383 1984 Spiritus
1398 1909 1505 1968 saneti:
1527 1922 1558 1968 ut
1572 1909 1709 1984 qaotnodo
1726 1911 1752 1967 in
1767 1910 1836 1966 isaia
1848 1928 1894 1967 su-

276 2005 368 2080 (iera.
381 2007 441 2077 io.)
466 2004 533 2061 dan
554 2013 639 2062 nalem
654 2008 804 2064 iminundna
819 2009 925 2082 spinter
948 2011 1040 2068 intarta
1092 2003 1260 2076 pertingam
1282 2004 1316 2059 de
1327 2002 1418 2060 radice
1429 2002 1518 2074 iesse,
1534 2013 1563 2059 et
1576 2000 1673 2058 liorem
1688 2003 1734 2073 nuri
1750 2001 1895 2060 deradice

241 2099 406 2167 ottoniae,
431 2101 547 2156 onriuiot
560 2115 606 2174 per
620 2102 676 2157 ioco
691 2103 784 2170 mido,
799 2105 1041 2175 pamensreqniem
1092 2097 1271 2166 conscendit,
1298 2105 1403 2168 septem
1424 2097 1537 2169 spiritus
1560 2095 1692 2153 uirtutum
1714 2093 1894 2154 descendisse

241 2203 265 2248 et
287 2208 338 2248 nota
358 2192 464 2249 inuenit.
490 2191 563 2249 Tune
579 2195 653 2252 dicit.
678 2194 793 2264 Quidam
808 2193 890 2253 istum
902 2197 990 2254 ineam
1006 2197 1042 2257 (te
1092 2199 1238 2247 narrantur
1254 2185 1391 2263 (iao.1t);
1405 2187 1441 2245 ita
1455 2187 1608 2246 ceorttrario
1622 2187 1749 2246 vitiorum
1764 2206 1897 2247 intratoriis

243 2289 381 2344 hereticis
395 2287 496 2344 dictura
514 2298 609 2360 putant
624 2331 631 2356 ,
656 2290 728 2360 qaam
746 2285 903 2348 immundas
917 2293 1041 2363 spiritus,
1093 2285 1120 2340 ln
1135 2283 1434 2340 diib010⁰0ttsicr³lu⁸
1449 2283 1493 2338 Sil·

242 2382 289 2452 qai
304 2382 331 2436 in
345 2381 385 2436 eis
401 2390 480 2436 antea
503 2380 671 2438 habitaverat
690 2381 800 2454 quando
820 2383 938 2455 gentiles
951 2393 1040 2452 erasit,
1129 2375 1220 2450 (Vers-
1235 2373 1271 2431 46
1283 2371 1373 2448 seqq.)
1387 2375 1479 2431 Adbuc
1491 2391 1520 2431 eo
1536 2375 1655 2447 loquente
1669 2377 1705 2431 ad
1719 2377 1821 2446 tarbua,
1837 2394 1900 2435 ecce

243 2473 277 2529 ad
302 2473 501 2530 contessionem
528 2486 599 2530 verae
619 2471 681 2530 ildei
702 2474 847 2546 ejiciatur:
867 2485 961 2548 plustre
977 2491 1043 2535 uero
1094 2481 1178 2526 crater
1193 2474 1250 2546 ejas
1264 2480 1288 2524 et
1304 2471 1398 2542 iratres
1413 2470 1517 2525 stabant
1531 2471 1597 2542 [oris
1609 2479 1753 2542 promentes
1769 2469 1842 2542 ioqui
1856 2473 1895 2529 ci.

243 2581 306 2622 con
322 2579 352 2622 se
363 2565 397 2621 aa
411 2567 536 2623 taunasim
546 2566 737 2623 transtulerint
747 2575 776 2624 ct
787 2565 922 2626 simulatis
935 2567 1044 2626 virano·
1094 2564 1167 2620 Dirit
1182 2573 1268 2621 aaran
1283 2564 1426 2636 apsidam
1440 2579 1450 2619 ··
1465 2563 1532 2619 acce
1545 2573 1628 2618 mata
1643 2574 1696 2630 aaa,
1711 2573 1735 2618 n
1746 2567 1843 2636 irruo
1857 2565 1901 2620 aas

245 2662 297 2716 bas
319 2661 476 2717 ornaverint
490 2661 599 2716 domurn
611 2673 688 2718 suam
702 2705 710 2731 ‚
725 2668 789 2717 tune
801 2661 864 2717 aliis
874 2674 980 2736 septem
996 2677 1045 2720 ne·
1095 2659 1159 2731 ioris
1170 2667 1240 2715 stant
1251 2670 1391 2729 numeratas
1402 2670 1435 2716 te.
1449 2659 1482 2713 rit
1494 2660 1548 2732 ipse
1560 2657 1717 2732 respondens
1729 2655 1825 2714 dicenti
1835 2660 1899 2730 sibi,
1994 2676 1995 2679 ¹

245 2769 326 2827 quant
341 2755 481 2826 spiritibus
492 2755 638 2827 adiunctis,
653 2761 805 2812 reuertatur
817 2755 850 2812 ati
862 2769 909 2813 eos
919 2755 1045 2814 diatboius
1094 2755 1130 2808 uit
1152 2766 1162 2807 .·
1183 2751 1248 2818 Qua
1267 2763 1304 2808 est
1319 2761 1401 2807 mater
1412 2767 1478 2819 trien,
1494 2761 1519 2807 et
1532 2753 1576 2822 grai
1590 2761 1652 2806 sum
1665 2755 1761 2824 [ratres
1776 2751 1827 2807 mei
1836 2753 1849 2806 i
1860 2749 1899 2807 tn

245 2857 273 2904 et
287 2848 390 2933 babitet
406 2848 431 2903 in
445 2847 519 2905 iilis:
540 2849 662 2920 dariique
676 2846 826 2904 nouissima
840 2864 935 2906 eoram
952 2849 1044 2922 pejora
1094 2844 1235 2901 masadam
1248 2857 1354 2898 mortam
1366 2843 1393 2898 in
1409 2841 1552 2915 discipulos
1567 2859 1637 2911 suos,
1652 2845 1727 2899 dicit.
1741 2841 1902 2915 Occupatns

246 2939 394 3013 prioribus.
419 2941 502 2997 iialtn
516 2943 616 3013 qnippe
630 2940 719 3012 peiuri
733 2939 892 2998 conditione
907 2957 969 2999 sant
985 2943 1044 3000 na-
1096 2947 1155 2996 erat
1167 2934 1300 2994 boninus
1316 2937 1341 2991 in
1358 2951 1442 3008 opere
1457 2937 1592 2993 sermonis
1612 2979 1618 3004 ,
1635 2935 1662 2993 in
1676 2937 1797 2995 doctriua
1812 2955 1903 3010 popa-

246 3037 325 3094 retiei
344 3049 425 3107 quiam
448 3034 584 3108 gentiles:
602 3037 662 3105 attia
679 3033 706 3090 iu
722 3033 776 3091 illis
789 3051 851 3104 spes
865 3033 928 3092 bdei
943 3048 996 3103 est,
1018 3043 1046 3093 et
1096 3031 1203 3097 larunt.
1225 3029 1252 3084 in
1272 3028 1364 3085 officio
1385 3029 1562 3101 predicandi,
1585 3040 1673 3086 ntttot
1691 3039 1719 3087 et
1738 3029 1838 3087 iratres
1851 3047 1903 3087 ue-

246 3131 273 3185 iu
285 3130 347 3186 istis
357 3141 448 3200 magna
460 3119 615 3183 discordiae.
632 3125 700 3182 Garun
713 3125 770 3183 baoe
781 3127 957 3201 intelligentia
969 3129 1047 3201 plau·
1097 3125 1186 3195 aiant,
1207 3134 1235 3181 et
1255 3123 1321 3180 loris
1343 3131 1426 3191 stant,
1448 3134 1476 3182 et
1497 3127 1522 3182 ei
1545 3125 1701 3181 desiderant
1722 3123 1806 3196 loqui.
1821 3123 1904 3182 Turre

248 3237 308 3278 sum
323 3221 467 3292 pacandam
483 3230 511 3275 et
524 3221 644 3275 colorem
656 3221 787 3276 doctrino
801 3222 935 3292 punierat,
952 3208 1082 3279 atascioC
1099 3217 1208 3290 auidam
1224 3218 1329 3274 narrtiat
1342 3215 1490 3287 Salmtori,
1506 3215 1577 3289 auod
1592 3229 1679 3274 canter
1692 3232 1740 3273 sna
1757 3226 1785 3272 et
1800 3216 1904 3275 iratres

249 3331 284 3372 an
297 3314 397 3370 babeat
411 3312 565 3368 veritatem.
580 3313 619 3368 Ex
632 3327 665 3369 co
677 3313 752 3368 enirn
768 3315 838 3385 narrati
854 3315 928 3371 inuita
940 3314 983 3371 uei
998 3331 1046 3388 pa·
1098 3319 1170 3369 stent
1190 3309 1268 3379 ioris,
1292 3321 1448 3383 ariarectes
1467 3325 1539 3368 enarr.
1563 3307 1675 3368 Videtur
1695 3309 1762 3367 mibi
1781 3310 1834 3366 iste
1855 3308 1904 3382 nai

248 3410 353 3477 robola,
370 3408 410 3464 rei
420 3407 560 3478 exemplo,
577 3405 700 3478 sanctitur
712 3425 720 3461 ι
738 3405 783 3463 Sic
793 3409 840 3463 crit
853 3417 876 3463 ct
888 3406 1048 3480 coarctationi
1099 3407 1215 3475 astutias,
1231 3419 1285 3463 non
1296 3403 1411 3463 iortnito
1423 3417 1451 3462 et
1466 3405 1628 3478 simpliciter
1638 3410 1766 3463 anuntiare
1777 3423 1784 3462 :
1797 3407 1846 3462 scd
1858 3406 1903 3462 in-

249 3502 309 3556 imir
332 3499 468 3571 mannia:
498 3497 689 3570 erimpellitnttr
717 3511 772 3553 nnn
792 3499 826 3553 ad
851 3499 995 3556 itaretiens
1021 3509 1048 3555 et

249 3593 389 3666 qrroslibct
405 3592 548 3648 inomines:
573 3591 623 3648 sed
641 3589 673 3647 ari
687 3589 844 3648 iadaeornnt
859 3593 987 3664 popnlnm
1002 3607 1047 3649 re·

249 3688 322 3742 ierre
342 3685 522 3757 parabolam,
544 3695 573 3739 at
595 3693 740 3741 contextus
756 3685 809 3742 loei
822 3697 876 3741 aon
892 3681 906 3723 ¹³
922 3683 1049 3756 passinus

250 3791 278 3836 et
300 3793 383 3852 vagas
405 3780 432 3834 in
457 3779 595 3836 dirersanr
609 3777 740 3847 tinctaet,
763 3785 844 3851 atque
859 3777 1049 3852 insipientiam

251 3887 329 3928 mora
341 3875 484 3937 turbelam
508 3869 557 3928 reti
573 3871 679 3926 harena
695 3868 767 3940 sibi,
787 3866 829 3927 tel
844 3871 876 3926 ad
890 3871 991 3942 priora,
1007 3873 1050 3929 rel

251 3965 285 4022 ad
306 3965 459 4036 posteriora
473 3964 646 4034 respondeat.
671 3961 829 4019 immundas
840 3961 953 4035 spiritus
966 3965 1051 4022 exirit

251 4072 267 4114 a
287 4055 388 4114 iudanis
402 4097 409 4122 ‚
432 4055 541 4127 artando
553 4064 719 4126 aeceperunt
730 4054 828 4126 Lep-tm
841 4099 848 4124 ,
863 4065 889 4112 et
902 4055 1051 4114 ambularit

250 4165 301 4223 per
320 4149 380 4206 laea
394 4149 480 4215 arida,
496 4162 623 4220 naerens
639 4147 691 4205 sibi
707 4139 843 4222 requiem.
858 4151 995 4223 Expulsus
1008 4151 1050 4208 ri-

252 4243 381 4302 delicata
395 4241 509 4309 intima,
523 4240 672 4299 ambularit
682 4253 731 4314 per
741 4244 861 4315 gentiam
874 4245 1050 4303 solitudines:

252 4351 314 4409 nae
335 4349 398 4392 eum
416 4340 513 4406 postea
530 4333 644 4389 Domino
662 4333 853 4405 credidissent,
868 4335 926 4404 ille,
941 4349 995 4394 noa
1006 4335 1051 4394 iu-

252 4435 336 4485 rento
351 4426 413 4481 loeo
426 4425 453 4479 in
468 4423 633 4492 nationibus,
650 4424 738 4483 dixit:

290 4521 381 4583 tiens.
393 4516 453 4589 ii.)
475 4517 596 4573 nmutnr
611 4519 638 4573 in
651 4517 757 4575 doniam
771 4535 853 4577 nocam
870 4534 893 4592 ι,
911 4523 980 4580 unde
994 4527 1051 4581 eui·

1101 3500 1186 3558 sidias
1204 3501 1317 3560 tendere
1332 3499 1480 3569 Salvator-i,
1495 3506 1586 3556 atrurn
1600 3499 1657 3574 06
1670 3499 1807 3570 spirituali
1821 3498 1905 3571 operi

1098 3609 1209 3654 carinam
1221 3605 1249 3653 et
1258 3593 1559 3666 sanguincmprarierat.
1568 3591 1648 3651 Unde
1659 3591 1830 3661 ctliominas‚
1843 3612 1902 3651 nen

1101 3689 1171 3762 qaod
1182 3700 1293 3761 armaret
1303 3699 1419 3744 tnatrem
1428 3696 1455 3743 et
1463 3685 1841 3757 iratres,erireoonternpsit;
1850 3687 1902 3743 sed

1101 3781 1172 3852 quod
1183 3781 1362 3852 responderet
1372 3779 1520 3848 insidianti,
1533 3779 1684 3837 ettettdcns
1694 3795 1804 3836 natarunt
1816 3778 1843 3835 iu
1855 3775 1904 3837 di·

1101 3873 1305 3944 mmmm:

1137 3965 1228 4040 (Vers.
1242 3966 1289 4037 49,
1301 3963 1359 4037 tio.)
1371 3965 1438 4022 Ecce
1450 3976 1533 4022 arietet
1543 3965 1649 4037 merget
1665 3971 1759 4040 fratrea
1767 3967 1827 4022 tari.
1837 3967 1906 4034 Qat-

1101 4076 1211 4132 eumque
1224 4061 1293 4116 enim
1309 4059 1395 4131 ierom
1409 4060 1566 4116 uoluntatem
1582 4059 1671 4116 Patris
1685 4061 1743 4126 arei,
1758 4059 1802 4132 qui
1814 4061 1841 4115 in
1852 4079 1906 4116 αι-

1102 4156 1135 4210 iia
1154 4166 1200 4220 eat,
1221 4155 1276 4228 ipae
1294 4170 1364 4210 mens
1384 4155 1477 4227 frater,
1498 4165 1522 4210 et
1544 4171 1629 4221 soror,
1653 4164 1677 4209 et
1695 4164 1778 4209 neuter
1791 4165 1839 4209 est.
1857 4152 1906 4213 isti

1102 4259 1166 4306 satit
1180 4257 1269 4306 mater
1283 4261 1354 4316 mea,
1369 4247 1415 4319 qai
1429 4265 1473 4304 me
1486 4245 1612 4319 quotidie
1623 4248 1649 4304 in
1664 4247 1833 4305 credentiam
1846 4249 1908 4304 ani·

1103 4341 1155 4398 ntis
1170 4347 1311 4413 generant.
1324 4336 1369 4394 tsti
1380 4347 1443 4395 sant
1455 4338 1553 4395 iratres
1564 4339 1631 4409 mci,
1643 4338 1691 4412 qtti
1702 4337 1806 4396 iaciant
1816 4355 1906 4411 opera

1103 4434 1191 4490 Patris
1202 4432 1333 4490 neuneu
1343 4445 1408 4504 ergo
1417 4433 1494 4503 juxta
1507 4424 1714 4489 Marcionem'et
1724 4431 1907 4490 llanieltaeam

1105 4535 1220 4584 matrem
1229 4526 1352 4597 negavit,
1364 4533 1393 4580 at
1406 4533 1488 4581 natas
1500 4521 1535 4580 de
1546 4524 1735 4595 pbaniasmnte
1747 4532 1907 4595 pttbuctun
1994 4554 1995 4557 η

253 4615 291 4668 vt'·
309 4611 366 4666 lloe
380 4618 433 4675 0⁵²,
449 4608 529 4664 altillo
540 4609 572 4664 id
585 4607 712 4678 ludaeos,
726 4625 794 4683 quos
806 4621 869 4670 atne
879 4611 1048 4672 dimiseram.
1066 4601 1154 4678 Dsed
1168 4620 1306 4690 apostolos
1318 4613 1473 4690 cognationi
1489 4615 1620 4688 pretulit,
1638 4626 1667 4672 at
1680 4623 1709 4673 ct
1723 4630 1774 4672 nos
1786 4616 1814 4672 in
1829 4631 1909 4673 contr-

291 4700 455 4777 (tersit.)
480 4701 514 4757 Et
536 4703 656 4772 ueniens,
682 4706 778 4762 irruerat
796 4721 946 4777 norontem,
966 4713 1052 4786 scopia
1105 4713 1249 4786 paratione
1276 4709 1430 4768 dilectionis
1457 4710 1533 4766 carni
1561 4707 1689 4780 spiritam
1716 4707 1907 4778 prarlcramus.

255 4797 424 4864 ntundrtatn,
437 4803 461 4850 et
477 4807 606 4852 ornatam.
626 4796 701 4855 Tune
714 4800 784 4856 antiit
797 4814 821 4858 ct
832 4807 939 4860 assumit
955 4816 1052 4879 septem
1105 4803 1175 4862 Ecce
1186 4810 1269 4861 mater
1283 4813 1339 4872 tua,
1350 4813 1374 4861 et
1388 4805 1483 4875 iratres
1495 4803 1533 4858 tui
1546 4803 1610 4875 ioris
1622 4811 1702 4872 stant,
1713 4811 1856 4874 armantes
1870 4813 1906 4860 tc.

255 4889 323 4944 atior
338 4887 445 4960 spiritus
465 4901 551 4943 seram
563 4891 698 4963 nequiores
711 4909 753 4959 se,
779 4905 801 4950 et
819 4897 960 4967 initiantes,
978 4899 1052 4956 nabi·
1105 4899 1221 4970 Quidam
1242 4899 1339 4954 iratres
1360 4895 1469 4952 Domini
1488 4893 1524 4951 dc
1542 4893 1597 4951 alia
1620 4909 1705 4952 uxore
1718 4893 1818 4966 iosepb
1835 4896 1909 4955 tilios

255 4991 313 5038 tant
325 4981 381 5036 ibi:
401 4987 427 5035 et
442 4980 508 5052 finnt
525 4981 580 5056 85
602 4986 742 5041 nouissima
756 4983 868 5045 bominis
879 4989 952 5046 illius
964 4993 1054 5065 pejora
1106 4991 1291 5062 suspieentur,
1311 4997 1457 5061 sequentes
1477 4985 1656 5045 deliramenta
1671 4986 1908 5059 apocryphorum,

256 5074 399 5148 prioribus.
420 5074 466 5132 Sir
480 5077 528 5132 erit
541 5079 948 5156 etpennotionttunpessinc.
966 5085 1053 5142 Vaca·
1107 5091 1135 5142 et
1153 5083 1299 5157 quaradam
1321 5079 1336 5119 <¹
1359 5076 1492 5138 bielcbam
1514 5079 1555 5139 rel
1577 5081 1695 5138 Esebam
1716 5079 1910 5138 nralicrculam

294 5268 309 5298 ι
324 5258 444 5329 thalsb„
457 5259 572 5327 nihilque
582 5261 687 5332 signum
701 5261 799 5333 sarim
812 5269 993 5331 armaturea,
1003 5277 1051 5334 ego
1104 5262 1192 5319 Maur.
1208 5290 1242 5303 —
1256 5259 1371 5324 Victor„
1389 5257 1495 5330 possint.
1522 5256 1621 5314 Recole
1640 5270 1702 5326 qaae
1719 5255 1755 5313 de
1774 5255 1910 5312 vacabulo

258 5341 340 5398 tama,
355 5341 408 5388 eto.
1104 5336 1184 5404 mato
1196 5329 1323 5401 saperius
1334 5331 1362 5384 iu
1374 5345 1435 5399 cap.
1452 5344 1479 5384 rt
1494 5329 1681 5385 obsecramus

295 5403 308 5444 b
323 5403 395 5460 adin
412 5403 521 5476 legant,
543 5413 573 5460 ut
585 5414 717 5464 contentas
730 5405 780 5460 ioci
793 5419 846 5460 non
859 5404 958 5478 passim
974 5413 997 5459 et
1008 5421 1053 5458 aa·
1143 5402 1277 5459 ceddam
1287 5400 1401 5456 Palatini
1415 5416 1494 5467 iuss,
1505 5401 1654 5473 pristinam.

258 5493 306 5548 gns
327 5475 354 5530 ia
380 5477 508 5533 amarum
526 5479 652 5550 fluctuet:
677 5477 739 5549 nuria
753 5477 873 5532 editores
887 5473 990 5544 arttipui
1004 5489 1052 5530 ne-
1140 5474 1154 5513 l
1169 5473 1244 5530 ilario
1258 5489 1273 5529 e
1287 5471 1408 5543 pluribus
1422 5487 1487 5528 nrss.
1503 5469 1642 5528 codicibus
1661 5467 1809 5528 lectionem
1824 5485 1910 5530 rasn-

257 5551 380 5606 aeternat
395 5549 586 5622 llieronymatn
598 5549 736 5623 appellare
747 5555 897 5602 contemnar
908 5547 1051 5617 pararunt,
1104 5557 1163 5603 tuo.
1179 5546 1317 5602 biarianus
1333 5543 1358 5598 ie
1380 5541 1444 5599 ebat
1459 5547 1485 5598 in
1502 5541 1607 5614 aliuaot
1620 5543 1824 5614 erentrplaribns
1841 5542 1912 5599 lirc-

258 5636 320 5676 eum
346 5620 390 5691 utri
407 5622 507 5690 patitur
521 5623 639 5688 liberas,
666 5620 952 5674 uiolentasctcoactas
968 5619 1053 5672 irater·
1103 5623 1188 5689 ciram,
1212 5625 1242 5674 et
1263 5632 1317 5671 uon
1368 5616 1481 5671 eirbonr.
1504 5615 1591 5671 Alteri
1615 5631 1681 5686 ergo
1701 5613 1806 5738 insugula
1826 5618 1910 5672 arunt

176 5742 182 5755 ,
257 5691 439 5760 pretationes;
461 5708 529 5765 qaas
544 5694 624 5750 etiam
637 5705 719 5762 supra
732 5689 851 5758 appellat
866 5689 995 5760 persicam
1010 5690 1052 5743 in·
1102 5691 1226 5746 condeta
1239 5700 1339 5744 nemen
1354 5687 1472 5743 niiacum
1488 5687 1560 5742 bran
1577 5684 1734 5743 tribuebant
1753 5683 1772 5740 ii
1792 5683 1817 5740 ti
1837 5698 1910 5756 apo·

258 5763 480 5835 terpretationetn,
496 5764 610 5822 dicatu:
633 5763 695 5819 Non
710 5765 772 5832 ergo
787 5758 860 5813 nobis
873 5759 996 5814 tribuitur
1015 5758 1049 5814 tt·
1101 5759 1212 5835 ergpabi3
1228 5774 1290 5815 narn
1305 5757 1405 5830 prioris
1420 5757 1486 5814 illim
1500 5761 1582 5824 bran,
1597 5773 1660 5829 aaa
1674 5757 1769 5830 nupsit
1782 5750 1909 5828 Narbon,

255 5835 317 5890 iera
339 5835 529 5908 intelligentia,
557 5844 582 5895 et
596 5833 729 5908 allegoria
743 5832 922 5903 interpretatio
935 5832 1048 5910 possita.
1101 5847 1200 5892 nomen
1212 5830 1264 5892 init
1275 5829 1395 5900 Πιιιιιις
1406 5841 1468 5888 etim
1480 5829 1577 5902 altera,
1589 5843 1658 5893 utar
1668 5829 1818 5902 abranam,
1831 5827 1910 5891 dieta
