4000 6334
118 280 163 344 ati
563 265 779 329 nubitintttlt
800 266 834 329 tn
853 264 1023 328 stibnos.
1044 266 1167 327 estuat.
1190 265 1257 325 bii.
1661 262 1664 269 ’
1688 266 1742 325 att

116 414 179 458 num.
195 394 262 452 Deus
282 392 385 451 iarael:
397 393 447 449 boc
470 400 522 459 εει,
538 391 610 451 licus
622 394 775 450 animarum
800 390 895 449 riden-
907 396 935 457 Α
947 390 1057 447 aiebant
1070 391 1080 463 (
1091 389 1194 455 ilattlr.
1208 389 1262 460 tx).
1280 385 1313 441 in
1324 385 1365 441 r'ra
1378 383 1629 452 consummationis,
1654 392 1677 438 et
1691 401 1746 440 aare

115 492 171 547 tiam
188 485 409 543 naamitarum
431 485 466 542 ad
479 484 586 542 Patrem
603 501 610 540 :
634 483 745 543 intende
771 484 805 541 ad
832 484 894 541 airi-
943 492 1030 540 auat.
1044 481 1080 541 Ut
1094 498 1148 538 non
1161 480 1267 552 possint
1278 478 1496 551 perseverarem
1509 477 1683 545 mattttrsua,
1695 475 1744 534 scd

114 580 195 638 mittar
204 592 286 635 caraea
298 586 404 651 pentes,
420 591 476 636 non
488 576 577 634 solnm
591 577 618 634 in
630 575 735 649 tudae,
752 575 893 634 sedetiam
943 576 971 633 in
986 590 1019 633 ea
1032 581 1268 632 consummentur.

112 682 136 733 et
146 673 168 729 in
182 668 314 741 gentibus.
487 712 534 749 N
980 665 1016 723 Et
1032 668 1114 724 acient
1125 667 1187 738 auia
1202 664 1273 721 Deras
1284 663 1460 721 dominabitur
1471 661 1566 733 iareb,
1587 662 1679 735 finiam
1694 669 1747 718 ter-

143 763 359 823 taraatararraat
373 779 517 836 emperiam,
531 773 554 820 et
562 763 658 837 samem
668 762 799 835 patientur
811 769 838 817 at
847 776 894 816 ca·
943 775 991 817 rte.
1005 760 1072 816 iiam
1099 767 1163 817 sunt
1177 757 1301 816 nonnulli
1310 758 1357 830 aui
1371 773 1402 815 se
1423 757 1591 815 descendero
1605 756 1640 813 ab
1661 755 1746 813 Jacob

113 878 158 919 arr.
171 858 257 931 Usque
268 857 412 915 aderitum
423 859 488 916 ritae
503 874 570 927 sure,
583 858 682 913 tamem
698 856 773 914 verbi
785 854 833 913 ilai
847 868 895 926 pa·
944 866 1045 924 ponere
1056 850 1217 923 gloriantur.
1231 849 1268 907 Et
1288 849 1383 921 palare
1397 860 1473 907 terrm
1483 864 1494 907 .·
1506 848 1534 906 id
1555 856 1599 907 est
1620 846 1744 905 amnium

113 952 210 1016 tientur,
225 963 275 1007 nec
289 960 440 1022 arguantur
464 950 492 1006 in
516 949 632 1006 dirersis
652 949 742 1017 maiis,
763 955 793 1005 ut
807 947 897 1021 poeni·
944 945 1078 1018 peritiam.

113 1041 210 1099 tantiam
225 1049 348 1113 agerent.
361 1040 396 1097 Ει
410 1040 554 1097 ειιειιίιιιιιι
565 1041 704 1097 ciuitatem.
721 1038 777 1096 Sed
791 1037 895 1095 nullam
982 1036 1211 1096 Caracrteatarad
1223 1053 1368 1111 amparem,
1379 1046 1404 1093 et
1415 1038 1509 1111 {onum
1520 1036 1652 1108 patienter
1662 1044 1690 1089 at
1702 1049 1746 1089 ca·

111 1134 294 1191 solemnitatum
305 1131 505 1205 jucunditatem
516 1148 548 1191 ac
558 1134 756 1191 sacrificiorum
768 1132 796 1188 in
810 1147 842 1187 ca
853 1146 897 1189 re-
946 1150 1002 1201 aer,
1013 1143 1038 1190 et
1052 1133 1198 1189 circuibant
1207 1134 1346 1189 civitatem.
1358 1131 1417 1202 ipsi
1431 1131 1613 1204 dirperpeatar
1625 1127 1661 1185 orl
1671 1143 1747 1183 marr-

112 1228 216 1299 pcriunt.
230 1223 282 1282 tet
294 1224 329 1282 dc
342 1224 387 1281 bis
402 1224 535 1297 loquitur,
550 1224 597 1296 qui
613 1226 641 1282 in
657 1226 711 1283 linc
733 1240 769 1282 ex
796 1223 897 1281 latinis
946 1226 1099 1283 durandum
1111 1243 1121 1283 .·
1134 1227 1157 1283 ti
1171 1242 1229 1283 aera
1245 1241 1297 1282 nort
1308 1225 1406 1299 [armat
1427 1226 1547 1291 saturati,
1563 1233 1587 1279 et
1599 1238 1749 1279 moratura·

111 1317 225 1374 credituri
236 1324 310 1373 sunt.
324 1317 391 1374 Cum
403 1316 474 1374 enim
486 1316 896 1389 subintroieritplenitudogen-
946 1319 1021 1377 bant.
1036 1319 1102 1376 Post
1114 1318 1276 1391 diapsalma,
1296 1319 1378 1376 iterat
1389 1317 1565 1387 sententiam,
1578 1333 1631 1390 qua
1644 1315 1748 1373 inimici

111 1412 176 1479 tium,
192 1412 254 1467 tu'nc
264 1409 355 1468 omnis
365 1410 447 1469 israel
461 1412 554 1469 salros
568 1412 620 1469 erit
636 1408 731 1483 (iiam.
746 1426 772 1467 st
784 1409 805 1483 ).
945 1413 1049 1469 tamem
1061 1412 1202 1484 patientur
1212 1421 1242 1468 ut
1255 1426 1341 1469 canes
1357 1429 1365 1465 ε
1384 1411 1449 1468 dnm
1473 1411 1541 1483 legis
1557 1411 1748 1468 interamnam

92 1504 96 1513 '
139 1503 200 1559 Erre
212 1504 348 1574 laqueatas
363 1505 390 1559 ta
414 1520 458 1560 are
471 1520 519 1560 aaa
534 1519 543 1560 .·
557 1512 582 1561 ει
595 1504 699 1578 pladiar
713 1505 741 1560 ia
762 1503 840 1559 labiis
854 1518 898 1559 ea-
947 1505 1159 1562 circumcisionc
1171 1504 1287 1573 metrali,
1301 1514 1330 1561 et
1345 1504 1482 1561 sacriticir
1492 1504 1527 1562 dc
1537 1520 1603 1562 nece
1613 1504 1749 1577 pecudum

110 1612 168 1652 rant.
178 1597 357 1669 blasphemiae
371 1607 399 1654 et
412 1596 585 1656 infidelitates
598 1612 702 1665 eorum,
717 1595 810 1671 gladio
823 1610 898 1653 com·
947 1609 1167 1670 prosequuntur.
1182 1596 1236 1655 Sed
1248 1598 1313 1668 ania
1325 1597 1353 1653 in
1364 1598 1585 1669 peregrinatione
1600 1596 1660 1654 baec
1672 1594 1748 1655 cele·

109 1701 198 1763 paratae
220 1700 296 1751 sunt.
313 1692 444 1760 Quoniam
456 1692 515 1764 pair
535 1692 645 1747 audiuit.
660 1691 746 1747 Nemo
758 1691 832 1747 enim
845 1691 897 1746 iro·
948 1690 1038 1760 brant,
1056 1706 1108 1749 nec
1128 1693 1162 1749 ab
1184 1692 1229 1748 bis
1242 1691 1403 1749 reiiciuntur
1423 1692 1612 1764 spiritualiter,
1627 1705 1749 1749 murmu-

109 1786 197 1841 minum
209 1784 298 1855 audit,
311 1802 372 1844 curn
385 1785 413 1842 iri
429 1802 444 1843 a
461 1784 577 1843 bomine
586 1785 744 1854 irridentur,
757 1784 829 1843 sicut
851 1800 896 1843 se·
912 1786 937 1851 Β
949 1794 1011 1841 rant
1025 1791 1120 1841 contra
1137 1784 1235 1841 beura.
1255 1784 1326 1841 iiinc
1337 1784 1472 1857 propbeta
1487 1784 1634 1841 bamiatcae
1648 1793 1750 1858 myste-

109 1878 199 1947 puitar.
952 1877 1022 1933 rium
1038 1876 1251 1934 resurrectionis
1263 1886 1409 1948 contuens,
1423 1876 1582 1935 exsultaret
1595 1876 1681 1933 dicit:

138 1968 168 2025 Et
180 1980 217 2040 ts,
232 1970 357 2041 Domine,
377 1971 505 2029 deridebis
523 1986 575 2029 eos.
591 1971 642 2041 Qui
658 1979 684 2029 ιε
698 1971 728 2028 in
742 1970 799 2030 risu
810 1981 837 2029 ει
850 1970 899 2028 dc·
984 1966 1042 2041 Epo
1061 1977 1149 2025 ειιιειιι
1177 1970 1287 2025 carata
1307 1968 1490 2039 fortitudinem
1512 1978 1600 2036 taam,
1627 1968 1749 2025 Domine.

108 2070 192 2131 spectu
207 2062 321 2121 babent.
334 2062 389 2119 Pro
402 2062 484 2119 aidila
497 2063 610 2120 artarer
620 2079 708 2120 omncs
721 2072 819 2136 prater.
836 2062 897 2119 ilias
948 2058 1017 2129 Quia
1031 2060 1121 2117 vicisti
1149 2071 1278 2119 mortem.
1294 2061 1344 2119 vet
1365 2062 1554 2121 fortitudinem
1580 2062 1749 2120 divinitatis:

110 2172 161 2229 qua
176 2168 201 2214 te
222 2157 410 2215 resurrexisse
433 2174 488 2215 non
503 2158 628 2216 creduut.
644 2158 712 2216 Nam
732 2168 796 2215 sunt
811 2157 839 2214 in
854 2156 898 2215 bis
948 2154 1087 2227 quomodo
1101 2154 1329 2223 ricitdiaboium,
1342 2153 1396 2212 boc
1410 2155 1577 2226 praedicabo.
1594 2155 1752 2213 Etearrrita-

109 2250 178 2307 multi
200 2253 346 2311 credentes
362 2270 369 2308 ι
385 2253 434 2326 qui
460 2270 515 2311 non
530 2252 710 2311 irridentura
735 2252 802 2310 ileo.
822 2252 872 2309 Vel
889 2293 897 2322 ,
949 2245 980 2303 bo
990 2247 1198 2303 misericordiam
1208 2255 1291 2303 taam.
1300 2247 1369 2316 Quia
1381 2247 1500 2306 diluculo
1508 2250 1641 2307 surrexit.
1658 2248 1750 2318 Hane,

110 2357 306 2420 surrepentes,
321 2350 368 2421 qui
383 2349 468 2423 ligna,
485 2358 513 2406 et
535 2348 639 2422 lapides
651 2348 819 2406 adorabant:
835 2348 897 2405 aui·
949 2340 1003 2423 buc
1018 2349 1081 2407 est,
1096 2340 1207 2412 quarrdo
1225 2340 1364 2398 convertit
1382 2342 1411 2398 in
1428 2342 1583 2413 iuuentute.
1601 2342 1650 2399 Vei
1665 2357 1752 2410 ruane,

109 2438 137 2495 iis
148 2441 249 2498 neritis
261 2442 499 2514 praecedentibus,
514 2441 624 2500 adducit
636 2441 699 2499 iilos
716 2441 789 2499 Deus
804 2440 839 2499 ad
853 2455 899 2499 eo·
949 2424 1057 2489 ¹¹tili¹¹m
1071 2432 1135 2492 fidei
1147 2433 1291 2492 sallwliw
1308 2433 1372 2491 tte!
1386 2450 1472 2506 mitte,
1485 2443 1515 2491 ¹¹¹
1525 2433 1594 2505 dili
1610 2448 1752 2493 20⁸⁰le

107 2534 283 2603 poscendam
299 2536 455 2594 ueritatem.
951 2524 1066 2582 ῑῑῠιιθιῐι·

137 2626 330 2687 Fortitudinem
346 2648 428 2688 meam
441 2634 475 2687 ad
485 2640 511 2687 te
528 2632 684 2689 curtadiam.
701 2630 729 2688 id
745 2639 788 2689 εει
802 2644 900 2688 omnes
988 2620 1058 2688 Qrta
1075 2624 1159 2692 factas
1173 2637 1201 2677 et
1212 2628 1347 2693 teutptor
1362 2636 1433 2677 mest
1446 2628 1471 2677 ει
1485 2619 1617 2693 resupinat
1629 2634 1714 2675 amum
1726 2619 1754 2674 tr
1775 2643 1781 2654 ·

107 2720 211 2779 rirtutcs
227 2737 303 2781 meas
314 2723 349 2781 ad
361 2734 387 2782 te
398 2724 564 2796 custodiam,
579 2740 633 2781 non
641 2724 675 2781 ad
685 2739 738 2793 me,
752 2724 800 2781 sed
815 2724 849 2779 ad
861 2734 898 2791 ιε;
952 2714 994 2769 ‘¹⁵⁶
1008 2713 1267 2771 1t5i⁸10150lff⁸²t⁸toe·
1278 2713 1428 2785 similist
1440 2728 1484 2770 ¹¹¹²
1497 2713 1667 2785 i¹⁰¹0⁰¹i⁰¹¹0
1679 2726 1753 2785 prae·

107 2812 164 2884 paria
177 2831 286 2889 semper
301 2816 328 2873 in
342 2817 408 2889 ipsis
423 2818 471 2874 tibi
486 2816 580 2875 laudes
595 2818 698 2885 celero,
713 2832 768 2873 nou
779 2817 847 2873 rneis
861 2816 902 2872 ri·
951 2807 1015 2865 sidii
1029 2810 1075 2876 tui,
1094 2825 1130 2865 ne
1142 2824 1204 2866 cum
1218 2808 1263 2865 itis
1276 2806 1665 2881 conjungeretunconscientia
1678 2820 1752 2864 mea.

107 2906 185 2963 ribus.
213 2907 292 2965 Unde
307 2907 406 2967 Paulus
420 2908 488 2966 dicit
505 2926 513 2965 e
528 2910 558 2966 si
573 2908 645 2966 enirn
672 2908 818 2981 accepisti,
835 2906 901 2979 quiri
986 2902 1101 2978 Adjatar
1115 2921 1198 2972 meare,
1215 2903 1261 2960 tili
1275 2903 1390 2976 peritam
1403 2918 1413 2959 .·
1428 2902 1502 2975 poia,
1519 2900 1602 2971 near,
1618 2909 1754 2972 susceptor

107 3000 229 3071 gloriaris
238 3002 317 3075 qutasi
329 3018 383 3060 non
397 3001 537 3074 acceperis
553 3002 580 3075 (1
596 3002 658 3059 Car.
674 3000 739 3075 rui?
754 3000 902 3058 iiartitadi-
952 3012 1025 3052 meaa
1036 3012 1063 3051 es
1078 3013 1087 3053 :
1103 2996 1176 3052 Deae
1191 3012 1282 3065 meur,
1296 2994 1478 3052 misericordia
1493 3011 1562 3051 meo.
1581 2993 1637 3066 ipsi
1649 3009 1680 3051 sc
1696 2991 1753 3048 llo·

107 3108 159 3149 aem
168 3112 252 3153 meam
265 3098 299 3152 ad
312 3104 336 3151 te
346 3096 499 3167 curtadiam,
512 3096 585 3169 qaia,
597 3094 678 3164 Deae,
688 3104 902 3168 susceptarmear
953 3090 1030 3147 mino
1042 3090 1175 3161 propbeta
1186 3088 1332 3162 pollicetur
1343 3088 1447 3160 iugiter
1458 3088 1594 3159 psallere,
1613 3085 1692 3158 eujus
1701 3098 1755 3156 ope

107 3205 141 3245 es.
155 3192 353 3250 Fortitudinem
368 3192 439 3249 iilam
452 3190 605 3248 custodiam
615 3189 693 3259 dicit,
706 3190 769 3262 quia
784 3190 901 3246 animam
916 3180 939 3243 G
955 3184 1066 3254 adiutas
1082 3190 1167 3255 atque
1188 3189 1332 3252 susceptos
1344 3190 1396 3237 est.
1412 3180 1466 3247 Qui
1480 3188 1508 3236 et
1521 3180 1602 3236 nobis
1622 3186 1756 3250 praestate

107 3284 160 3356 ejus
174 3301 256 3343 nemo
268 3285 376 3344 auierrc
390 3287 490 3359 patuit,
503 3286 564 3358 ipso
577 3286 686 3343 dicente
700 3304 708 3342 ι
732 3284 817 3342 Nemo
840 3300 902 3343 eam
953 3277 1093 3349 disistit,
1110 3285 1138 3333 ¹¹¹
1151 3275 1291 3348 adi¹¹¹⁰fi⁰
1304 3275 1364 3347 0i¹¹³
1377 3274 1486 3343 muniti,
1504 3271 1694 3331 Ιιιὶιθῐῑθθῐᾱῑε
1705 3271 1754 3328 ²⁴¹·

107 3378 207 3437 auieret
223 3397 239 3438 a
254 3396 298 3439 me
315 3397 322 3436 ι
338 3380 387 3439 sed
401 3394 452 3455 ego
477 3389 639 3452 potestatem
661 3379 750 3436 babeo
776 3376 901 3446 tollendi,
950 3372 1013 3445 juti,
1029 3371 1231 3429 resurrectione
1243 3368 1408 3442 glorificati,
1423 3382 1579 3425 mereamur
1591 3366 1618 3423 iu
1631 3364 1756 3423 lienteria

106 3475 316 3547 resumendique
335 3490 395 3532 eam
409 3474 505 3549 (ioan.
519 3492 535 3531 x
547 3474 569 3547 ).
586 3472 904 3543 Deusmerts,mirerirar·
953 3473 1049 3521 sanata
1076 3463 1174 3521 laudes
1191 3463 1251 3536 ejus
1269 3462 1450 3520 immaculatis
1473 3460 1600 3519 sensibus
1623 3460 1756 3518 exuam.

107 3567 148 3621 dia
162 3572 221 3639 ejus
233 3568 374 3639 meaeaiat·
390 3585 440 3625 me.
460 3568 597 3626 Prmrenit
610 3568 688 3625 iilum
714 3566 902 3625 misericordia
953 3556 1053 3617 Amen·

107 3656 206 3717 Patris:
216 3676 279 3718 cam
293 3660 369 3733 prius
379 3662 504 3718 centurio
514 3674 577 3719 cum
591 3660 677 3717 Deum
693 3662 833 3717 confessus
847 3667 902 3727 est,
1236 3648 1397 3709 Psittttts
1411 3648 1482 3706 bix.

108 3768 184 3824 quam
200 3754 310 3813 uideret
324 3755 358 3811 ab
372 3754 467 3811 inieris
489 3752 688 3811 resurrexisse.
704 3750 759 3809 Sed
781 3762 808 3808 et
826 3750 904 3807 multi
954 3746 989 3803 ia
1000 3748 1088 3819 finem,
1105 3764 1153 3820 pro
1167 3747 1207 3803 iris
1218 3744 1544 3818 aaicammutaiaatarffr'n
1568 3743 1638 3800 tituli
1658 3743 1753 3799 iurari·

106 3849 290 3916 lercntientes
311 3856 424 3921 pectora
454 3862 514 3918 sua.
535 3847 743 3905 revertebantur
757 3844 902 3903 dicentes:
990 3813 1759 3963 {gi'ssitirmmDgzir‘tigleff‘isigijwsm:ffwffnz

108 3940 176 4001 veie
191 3944 278 4001 Filius
291 3944 341 4001 ⁰05
356 3953 415 4002 ⁰¹³¹
426 3944 478 4000 5⁵2⁶
496 3941 599 4016 ium·
615 3941 675 4014 ”i-
992 3960 1072 4029 laad,
1089 3967 1113 4015 ct
1124 3961 1252 4033 percussit
1266 3958 1351 4014 Edam
1370 3961 1398 4013 itt
1414 3957 1481 4013 ealle
1496 3956 1647 4013 Salinarum
1662 3957 1758 4011 duode-

139 4034 212 4093 Iieur
227 4036 339 4094 ostendit
350 4035 416 4091 milri
425 4053 503 4104 saper
517 4036 638 4093 intensas
655 4050 736 4103 atras,
749 4050 781 4089 aa
803 4034 906 4091 acridae
990 4032 1043 4087 riae
1067 4032 1162 4087 attilia.
1184 4031 1324 4100 Quaeritur
1335 4029 1384 4086 ubi
1397 4029 1457 4085 lraec
1470 4027 1585 4083 bistoria
1595 4026 1696 4098 scripta
1711 4028 1757 4110 sit.

107 4142 146 4183 eos
158 4146 168 4184 .·
182 4130 321 4202 rrepuanda
335 4128 519 4185 obliuisceretur
532 4128 623 4201 papali
644 4128 705 4185 mei.
726 4126 760 4185 Ut
772 4136 800 4184 st
812 4127 834 4183 si
850 4142 904 4183 nou
992 4097 1705 4247 ³grlffissfl‘e‘fflsh'gh‘iffiffisfflgffifflg1¹
1732 4114 1756 4223 'x

106 4220 230 4292 credant,
247 4233 337 4280 tamen
352 4220 579 4294 intelliganteum
590 4222 761 4290 essebeum,
776 4220 855 4294 juxta
870 4221 907 4277 il·
992 4244 1158 4317 ΜΡΝ,
1170 4245 1230 4315 ip„
1252 4244 1367 4300 ΗΘΜ,
1389 4242 1474 4299 verb,
1490 4250 1653 4313 posuerunt,
1671 4255 1757 4297 cm,

107 4310 151 4369 iud
168 4332 174 4368 :
192 4316 332 4373 stridebit
347 4318 439 4373 omnis
452 4330 517 4373 caro
530 4314 650 4372 saiutarc
664 4314 713 4373 ilci
728 4315 813 4371 nostri
828 4314 905 4387 (bae.
997 4333 1061 4373 rna.
1083 4315 1138 4373 Sed
1157 4318 1221 4390 quia
1236 4317 1444 4386 interpretatum
1469 4324 1524 4369 non
1540 4322 1595 4381 est,
1609 4313 1644 4367 ab
1658 4312 1701 4368 bis
1715 4311 1761 4382 ani

107 4409 212 4480 xxxxv).
227 4408 262 4465 Et
277 4422 331 4467 non
346 4406 458 4466 occidas
477 4408 557 4477 iilos,
573 4423 607 4467 ne
619 4407 691 4467 torte
713 4408 908 4466 obliviscantur
994 4387 1316 4533 Ιῇῑὲἒῐῧῑῃὲἶῗίιθῐῦῑθῦθΰ
1330 4386 1432 4443 babent
1443 4383 1580 4451 miminis
1592 4382 1658 4456 (ilii
1673 4384 1761 4456 signi·

106 4500 227 4557 nominis
242 4502 292 4560 tui.
1215 4500 1222 4515 ·

141 4592 270 4669 Diapapr
282 4596 325 4655 ede
339 4598 366 4653 ia
380 4596 473 4655 uirtute
488 4608 541 4655 tuo.
557 4596 618 4656 Noli
632 4598 740 4671 penitus
753 4596 845 4656 dolere
859 4566 947 4656 lul)
995 4596 1088 4664 Deae,
1103 4594 1222 4669 repulisti
1234 4611 1283 4651 aar
1297 4604 1322 4651 ει
1341 4592 1564 4651 destruentium.
1584 4590 1707 4650 Pertinet
1723 4590 1759 4648 ad

107 4684 184 4745 daos
201 4706 208 4745 ι
224 4690 286 4763 quia
302 4692 419 4764 populus
432 4702 495 4750 tuus
509 4706 618 4765 semper
629 4700 671 4749 est
681 4692 845 4765 appellatus,
858 4692 907 4749 sed
959 4692 1089 4766 populum
1106 4690 1260 4749 iudaicam.
1274 4689 1391 4758 Quando
1405 4688 1481 4747 iiiam
1496 4688 1672 4763 permittebat
1685 4686 1759 4743 licus

108 4780 136 4838 in
153 4795 209 4841 toto
222 4786 291 4845 orbe
314 4785 460 4860 disperge,
478 4794 509 4844 ut
519 4788 615 4845 saitem
631 4785 671 4843 sic
684 4785 842 4854 emendati,
858 4798 907 4842 su·
959 4785 1084 4845 tribulari
1100 4804 1107 4840 :
1121 4785 1198 4856 quasi
1218 4793 1284 4842 tunc
1299 4782 1444 4841 ridebatur
1461 4783 1608 4854 repellere.
1625 4780 1660 4837 Et
1678 4778 1760 4836 moda

108 4879 218 4948 perbire
232 4880 379 4949 desistant,
406 4891 436 4937 ut
458 4881 502 4937 rei
518 4881 545 4937 in
560 4882 610 4937 bac
624 4880 794 4952 dispersione
816 4878 908 4935 scelus
960 4880 1112 4939 Ecclesiam
1127 4877 1238 4936 ridetur
1248 4877 1395 4950 repellere,
1414 4876 1525 4949 quando
1537 4876 1612 4932 iliam
1626 4872 1762 4946 permittit

107 4986 190 5029 strum
204 4974 363 5047 penitendo
376 4974 531 5047 deplorent.
543 4972 578 5029 b't
595 4973 695 5047 depone
709 4989 763 5043 raa,
780 4980 908 5043 arata-tar
960 4975 1062 5034 tentari
1082 4988 1132 5046 per
1154 4972 1370 5030 tribulationem.
1383 4971 1451 5028 iiam
1461 4970 1541 5027 aliter
1554 4984 1610 5027 non
1627 4966 1737 5040 repellit
1751 4983 1759 5023 ι

108 5080 183 5121 areas
192 5065 313 5125 ilomiaa.
323 5065 620 5139 Delictuararirearaar,
634 5082 764 5123 sermones
777 5064 908 5121 labiorum
959 5068 1022 5142 quia
1037 5068 1108 5125 dixit
1116 5075 1228 5123 sanctus
1239 5066 1340 5123 Paulus
1352 5082 1360 5121 ι
1372 5064 1432 5123 lion
1448 5065 1556 5138 repellit
1569 5062 1641 5121 licus
1652 5061 1760 5134 plebem

108 5156 237 5228 ipsarum.
254 5159 439 5216 Destruantur
452 5160 480 5217 in
493 5159 595 5215 malitia
611 5174 660 5216 sna
677 5168 810 5230 :propter
824 5157 908 5215 uerba
961 5176 1052 5230 snam,
1066 5175 1147 5232 quam
1166 5159 1305 5233 praescivit
1325 5158 1422 5232 (Rari.
1444 5158 1496 5231 ιι).
1513 5155 1592 5215 Unde
1611 5162 1642 5211 et
1658 5170 1710 5211 vox
1725 5152 1760 5210 ad

109 5252 210 5323 quibus
234 5254 372 5311 Christum
393 5262 469 5311 tuum
481 5261 664 5327 negauerunt,
684 5261 712 5309 et
733 5262 825 5309 tamen
837 5250 909 5307 libas
959 5251 1105 5311 ieremiant
1117 5252 1285 5325 Propbetam
1299 5253 1339 5308 ait
1355 5269 1361 5306 :
1379 5249 1466 5320 lade,
1480 5260 1508 5307 et
1521 5249 1644 5318 destrue,
1657 5256 1686 5305 et
1699 5246 1758 5303 dis·

112 5344 230 5402 Abrahae
243 5361 274 5405 εε
288 5360 351 5405 esse
360 5346 496 5418 iactitant.
507 5343 765 5419 Canrprelrendautur
776 5346 803 5399 in
817 5359 909 5415 saper·
960 5348 1031 5421 ripa,
1045 5354 1075 5405 et
1091 5348 1189 5416 eretis,
1201 5356 1231 5405 et
1240 5345 1345 5426 adilica
1359 5343 1470 5418 (ierem.
1483 5341 1514 5417 ι).
1528 5342 1569 5401 Aa
1586 5340 1610 5399 si
1622 5342 1759 5400 dixisset:

111 5438 159 5493 bia
172 5456 227 5496 sua.
241 5442 298 5499 iioc
312 5450 365 5509 est,
380 5440 496 5497 bumiies
511 5440 586 5496 iant.
701 5428 706 5438 '
962 5440 1080 5498 Destrue
1091 5440 1156 5496 vitia
1170 5450 1198 5497 et
1208 5448 1331 5513 peccata,
1342 5448 1370 5496 ct
1381 5436 1485 5495 adibeo
1504 5436 1629 5493 virtutes.
1641 5434 1764 5508 Repellit

152 5530 185 5587 m
198 5535 230 5591 de
251 5535 429 5591 ammistione
447 5542 472 5589 et
490 5528 627 5588 mendacio
645 5529 869 5587 annuuntiabantar
882 5530 911 5585 r're
962 5552 1015 5595 nos
1033 5552 1066 5596 ιο
1080 5536 1207 5607 desputa,
1222 5552 1285 5595 eum
1299 5550 1454 5609 peccamus,
1466 5534 1611 5591 miseretur
1634 5542 1662 5590 οι
1674 5531 1761 5589 aedjfl.

112 5630 341 5687 roarummatiarae.
353 5628 659 5687 Exsecrabanturenim
673 5627 817 5685 bominum
828 5644 835 5684 :
847 5642 909 5685 cum
962 5639 1008 5689 cat
1019 5646 1082 5689 cum
1096 5630 1131 5688 ad
1143 5646 1206 5689 eum
1217 5629 1377 5704 praebenda
1391 5625 1569 5686 revertimur.
1585 5624 1674 5682 iratur
1688 5642 1725 5693 rr,
1736 5637 1762 5681 et

113 5734 179 5777 eum
191 5721 274 5781 ilium
288 5722 390 5797 losepb
403 5722 474 5782 labri
488 5722 615 5781 dicebant
634 5720 816 5795 (Mettium).
830 5720 910 5780 inne·
962 5725 1084 5781 misertas
1095 5741 1122 5781 ει
1133 5724 1217 5781 nolis.
1231 5723 1274 5780 ira
1282 5722 1332 5781 Ilei
1344 5723 1418 5795 iusta
1429 5720 1548 5778 uindicta
1561 5717 1670 5776 dicitur.

112 5814 224 5875 ciebant
245 5818 438 5890 mendacium,
464 5834 525 5877 cum
542 5832 605 5878 eum
621 5816 785 5877 daemonium
808 5814 910 5877 babere
999 5817 1165 5876 Commeairti
1178 5828 1284 5876 tarrae.
1296 5816 1428 5892 Corporis
1439 5818 1534 5891 utique
1544 5813 1640 5875 nostri.
1654 5811 1690 5871 tit
1700 5828 1763 5870 aaa·
