4000 6334
102 273 132 332 li
373 265 702 330 COMMENTthORUM
722 268 756 329 ttt
776 265 1004 330 sttuostllttl
1024 265 1194 328 bidTTllAEl
1214 264 1278 322 llo.
1300 265 1321 322 l.
1341 261 1419 324 CAP.
1440 263 1485 322 ll.
1716 265 1753 326 tt

103 381 129 440 Sl
144 381 177 439 de
189 381 366 457 eleemosyna
395 395 500 446 ιιιιιιιιιι
522 385 623 443 dictum
645 387 841 459 intelligimus,
870 388 896 444 in
910 386 939 446 A
951 387 998 441 sod
1012 400 1094 442 eausa
1105 385 1216 441 uirtutis
1226 383 1299 454 apud
1314 383 1398 440 beorn
1414 380 1572 438 mercedem
1585 380 1676 437 hahet.
1695 381 1756 437 Etsi

102 477 236 550 plerisque
260 480 431 550 pauperibus
446 481 499 537 boc
522 490 596 537 stare
611 497 664 538 nan
687 493 787 552 potest.
805 481 858 538 Sed
874 491 902 537 et
953 495 967 534 a
996 489 1070 535 recta
1096 481 1138 535 iia
1161 478 1302 550 paululum
1335 477 1538 544 declinaveris,
1564 491 1620 530 non
1640 473 1757 532 interest

102 570 197 627 divites
212 572 236 626 si
256 587 370 644 semper
386 573 527 641 dederint,
543 589 654 645 semper
668 576 735 631 dure
752 592 806 630 uon
824 586 900 644 pote·
952 582 1044 627 utrum
1066 571 1100 628 ad
1121 572 1264 628 dexteram
1281 569 1381 637 radas,
1397 585 1432 626 an
1454 569 1489 626 ad
1510 568 1667 635 sinistrant,
1693 583 1756 624 cum

101 673 169 722 runt.
188 664 254 720 Post
265 665 370 722 bonum
381 681 447 738 ergo
458 668 640 739 eleemosynae
652 668 795 736 apostolis,
811 667 837 721 ld
849 675 901 734 cst,
954 681 1047 723 uerum
1062 667 1113 722 iter
1125 666 1262 721 amiseris.

102 756 258 814 doctoribus
278 767 417 830 praccepta
431 759 604 823 tribuuntur,
619 760 706 830 utqui
720 760 807 830 gratis
822 774 903 814 aece-
989 757 1082 830 (vers.
1098 757 1186 830 Μ.)
1203 756 1241 811 Te
1254 767 1341 812 autem
1360 757 1472 829 (aemule
1488 757 1695 828 eleemosynam,
1711 773 1758 812 ne·

101 859 220 923 pertint,
236 851 325 924 gratis
349 853 470 908 tribuaut
486 851 595 924 (batth.
611 850 651 922 x).
664 853 744 908 lstius
760 851 834 909 modi
857 867 902 924 pc·
953 851 1080 924 sciat33
1090 851 1325 923 riuitlratoaqtiid
1336 852 1417 922 [amat
1429 851 1535 907 dextera
1545 860 1639 917 taa,nt
1650 852 1683 906 sit
1694 852 1761 907 elce-

100 945 178 1001 cunia
191 961 343 1018 numquam
358 945 468 1014 delicit;
481 947 528 1004 scd
544 947 720 1023 quantoplus
734 947 796 1004 dala
811 946 902 1018 luerit,
954 959 1064 1015 margia
1087 956 1131 998 toa
1153 943 1181 998 iu
1199 943 1350 1000 abscondito
1365 961 1375 999 :
1391 954 1415 1000 et
1431 955 1505 1012 pater
1519 953 1579 999 tuae
1593 947 1639 1016 pai
1653 945 1721 1000 sidet
1733 947 1761 1000 iu

103 1049 176 1096 tauto
191 1041 311 1111 amplius
326 1040 490 1112 duplicatur.
508 1041 542 1098 Et
555 1057 616 1099 cum
629 1041 753 1114 subiecta
774 1041 824 1098 sibl
838 1055 904 1098 arua
955 1037 1107 1094 abscondita
1118 1079 1125 1106 ,
1135 1037 1226 1093 reddet
1240 1038 1298 1095 tilii.
1314 1036 1348 1092 Et
1360 1055 1418 1093 cani
1430 1040 1530 1108 oratis,
1543 1055 1596 1094 uon
1610 1041 1683 1096 eritii
1693 1041 1761 1096 ticat

103 1127 187 1206 rlg'et,
201 1149 351 1206 numquam
363 1132 448 1192 inritis
459 1135 529 1192 unda
542 1136 671 1192 siccatur.
955 1129 1114 1204 hypocrite,
1141 1132 1186 1200 aui
1210 1139 1300 1186 aitraul
1320 1132 1347 1184 iit
1366 1133 1524 1203 synagogis,
1550 1142 1574 1187 et
1601 1133 1628 1186 in
1655 1133 1759 1208 augulis

133 1227 228 1300 (llere.
245 1226 308 1298 sl.)
328 1226 480 1300 dignantem
492 1229 552 1285 dica
565 1229 653 1295 nobie,
671 1229 772 1300 diligire
786 1229 906 1285 inludens
957 1223 1102 1292 platearunt
1123 1231 1222 1278 stanter
1244 1238 1335 1294 orare,
1356 1233 1384 1278 ιιι
1405 1225 1540 1279 uideantur
1553 1226 1585 1279 ob
1601 1226 1758 1282 hominibus.

100 1327 217 1387 restrae,
245 1321 388 1392 benefacite
403 1319 443 1375 bis
457 1322 502 1392 qui
517 1321 628 1376 oderant
649 1337 711 1389 aas,
729 1330 753 1376 el
775 1331 847 1377 oriite
857 1338 905 1392 pra
959 1315 1021 1372 Non
1034 1318 1123 1372 solutu
1135 1317 1359 1389 eleemosynam,
1372 1317 1420 1374 sed
1434 1319 1626 1390 quodcumque
1642 1320 1760 1376 feceritis

103 1415 319 1488 persequentibus
332 1423 356 1472 el
370 1417 593 1472 calumniantibus
606 1435 662 1474 uos.
675 1417 751 1474 Multi
769 1427 905 1490 plaecepla
957 1409 1023 1466 boni
1037 1409 1144 1481 operis,
1157 1409 1238 1466 debel
1251 1411 1361 1466 sinislra
1373 1412 1495 1479 nescim
1511 1415 1534 1467 sl
1547 1413 1620 1469 euim
1631 1413 1676 1467 illa
1689 1415 1761 1470 scic·
1805 1479 1809 1486 Ι

103 1508 149 1565 liet
165 1509 360 1566 imbecillitate
371 1509 426 1583 32
438 1526 497 1576 sua,
509 1520 729 1568 nousauctorum
740 1511 845 1568 viribus
856 1526 908 1568 acs-
957 1506 1012 1571 iit,
1028 1507 1121 1560 statim
1135 1504 1254 1560 ⁶⁸¹⁸&ae
1272 1520 1356 1574 libell
1371 1507 1617 1561 θθῐιιιιιιιιιῑιιιῑιιι·

103 1601 253 1674 limantes,
277 1611 375 1673 putant
401 1617 462 1659 esse
487 1603 666 1675 impossibilia
689 1620 749 1676 quae
770 1611 906 1674 praenepta
993 1597 1074 1652 diueu
1085 1597 1144 1652 dieo
1153 1598 1392 1670 i·oiir,recepcrunt
1401 1598 1542 1654 mecedem
1552 1597 1761 1656 ruamllonllei

103 1703 184 1760 sunt,
207 1702 236 1750 et
252 1694 350 1751 dicunt
363 1693 488 1751 sulficere
501 1695 662 1765 uirtutibus,
678 1712 732 1752 tion
747 1695 839 1752 odisse
854 1696 906 1752 ini·
959 1691 1127 1758 mercedem,
1141 1693 1189 1748 sed
1203 1708 1292 1748 suam.
1307 1692 1421 1748 laudati
1437 1701 1499 1750 sunt
1511 1695 1585 1751 euim
1596 1695 1630 1752 ab
1642 1693 1764 1750 ltamiiii·

103 1786 185 1842 inicos
200 1798 209 1838 .·
224 1795 359 1842 caeteruin
369 1785 485 1858 diligere
496 1786 555 1858 plus
567 1787 778 1858 praecipiebam
790 1786 907 1843 humana
922 1773 946 1834 Β
961 1785 1023 1854 bus,
1036 1802 1152 1856 quorum
1166 1801 1248 1843 causa
1263 1802 1413 1844 exercuere
1426 1787 1553 1844 virtutes.

106 1889 196 1935 natura
212 1879 347 1950 patiatur.
369 1881 516 1936 Sciendum
538 1889 581 1937 est
605 1896 671 1954 ergo
692 1880 834 1938 christum
854 1897 907 1940 non
1000 1877 1091 1949 (Vers-
1107 1877 1148 1949 6.)
1162 1878 1204 1933 Ta
1218 1889 1305 1934 autem
1325 1881 1521 1948 comperieris,
1535 1883 1606 1936 iutra
1618 1881 1645 1935 iii
1657 1880 1766 1937 citten-

105 1974 285 2046 impossibilia
299 1974 464 2047 precipere,
479 1975 527 2032 sed
543 1975 662 2046 perlecta
678 1993 684 2030 :
701 1992 763 2049 quae
780 1975 844 2032 lecit
859 1977 909 2031 lla-
961 1968 1017 2026 litui
1030 1979 1103 2028 taam
1117 1988 1126 2026 .·
1140 1982 1165 2028 et
1183 1972 1273 2028 eloam
1284 1973 1362 2041 ostio,
1379 1991 1425 2028 ora
1443 1971 1553 2028 Patrem
1574 1984 1646 2028 taum
1664 1975 1764 2030 inube-

106 2066 148 2122 rid
163 2069 189 2121 in
206 2067 272 2124 Saul
288 2074 317 2123 et
332 2067 358 2122 iti
378 2067 500 2124 Absalon
514 2067 535 2139 (l
551 2069 616 2142 ilcg.
638 2083 702 2124 xiiii
717 2079 741 2124 et
758 2085 833 2139 riui,
849 2077 873 2122 et
888 2068 909 2125 ll
962 2066 1082 2136 condito,
1097 2074 1121 2122 et
1138 2063 1218 2122 Pater
1233 2075 1292 2122 taur
1305 2067 1351 2139 gaii
1364 2068 1432 2122 uidet
1444 2069 1472 2122 in
1490 2067 1657 2137 abscondito,
1674 2069 1763 2124 reddet

107 2161 168 2230 hep.
189 2177 258 2216 ιιιιιι
271 2159 290 2232 ).
308 2160 464 2232 Stephanus
478 2177 586 2234 auoque
600 2170 703 2236 martyr
718 2178 768 2235 pro
792 2163 911 2220 iniiuicis
963 2159 1020 2217 tibi.
1036 2160 1094 2217 lloc
1108 2158 1292 2232 simpliciterl
1304 2161 1482 2228 intellectum,
1497 2163 1588 2219 erodit
1601 2163 1767 2231 auditorem,

107 2252 291 2324 lapidantibus
316 2253 478 2325 deprecatus
502 2263 545 2310 est
571 2255 641 2326 (ilat.
670 2256 730 2328 un).
754 2255 789 2311 Et
813 2257 912 2314 Paulus
963 2262 996 2308 ιιι
1017 2268 1113 2309 vanam
1128 2255 1224 2311 eraudi
1239 2254 1353 2326 gloriani
1375 2255 1470 2326 rugiat.
1492 2255 1545 2312 Sed
1568 2255 1635 2312 mibi
1660 2255 1770 2312 uidetur

107 2346 248 2403 anathema
262 2347 335 2418 eupit
351 2361 413 2403 esse
431 2361 481 2418 pro
499 2347 720 2420 persecutoribus
741 2350 798 2406 suls
820 2348 910 2418 (honi.
964 2347 1018 2404 hoc
1032 2348 1119 2419 magis
1133 2363 1195 2404 csse
1208 2358 1384 2419 preceptum,
1400 2361 1427 2403 ut
1444 2348 1547 2404 inclusa
1563 2349 1680 2420 pectoris
1693 2348 1769 2420 eugi-

108 2437 161 2510 ii).
186 2437 252 2494 llaec
272 2447 364 2495 autem
388 2438 470 2496 lesus
492 2448 519 2496 et
543 2439 635 2497 docuit
656 2449 683 2497 et
702 2440 780 2512 lecit,
801 2443 911 2500 dicens:
965 2440 1090 2509 tatione,
1122 2441 1257 2514 labiisque
1277 2442 1443 2515 compressis
1469 2458 1580 2499 oremus
1605 2443 1767 2511 Dorticum,

109 2526 203 2598 Pater,
223 2530 332 2601 ignosce
350 2529 405 2586 illie
430 2547 441 2586 .·
463 2531 532 2602 quod
563 2533 633 2586 euim
651 2532 770 2606 sociant,
797 2535 913 2589 uesciuul
966 2537 1039 2609 quod
1062 2537 1217 2593 ethrinam
1240 2536 1268 2591 iii
1291 2537 1396 2608 Regum
1421 2536 1559 2593 uolumine
1582 2537 1682 2595 iecisse
1705 2539 1772 2608 legl-

108 2621 175 2692 (Lar
189 2638 280 2690 utu,
296 2623 355 2697 dd).
967 2644 1029 2684 ntus
1041 2646 1048 2687 ι
1061 2628 1155 2700 badia,
1168 2628 1265 2701 inquil,
1279 2632 1335 2703 ejas
1345 2638 1447 2684 mutam
1460 2629 1631 2685 merebantur
1647 2631 1693 2704 ‘ll
1704 2631 1771 2703 lieg.

143 2717 235 2790 (iera.
248 2717 309 2789 dii.)
323 2715 358 2772 tii
367 2717 426 2774 sitit
439 2717 586 2789 filiiPotrie
599 2721 676 2777 tertii
686 2722 730 2790 qui
741 2722 767 2778 ia
778 2722 849 2779 celis
858 2733 915 2792 ectr
967 2738 986 2792 i,
1004 2719 1061 2792 lb).

108 2812 152 2883 giii
162 2813 243 2867 solem
256 2827 332 2868 ruent
342 2813 407 2868 oriri
415 2814 479 2884 sarit
491 2831 570 2886 saper
581 2815 661 2873 bonos
676 2825 700 2871 et
711 2817 806 2888 malet,
815 2828 841 2873 et
850 2818 916 2893 pluit
1005 2814 1096 2886 (Vera.
1110 2814 1149 2886 7.)
1163 2813 1275 2871 Oroates
1288 2822 1373 2870 autem
1388 2816 1468 2871 nolite
1481 2815 1592 2870 multum
1607 2816 1689 2884 loqui,
1703 2815 1773 2872 sicat

107 2910 284 2979 reperientes
305 2915 329 2962 et
352 2907 473 2980 iujaetot.
491 2908 522 2966 Si
535 2911 603 2966 euim
616 2910 726 2984 diligitis
746 2929 788 2967 eos
802 2913 847 2984 aui
874 2927 917 2967 oar
969 2909 1067 2968 ethuici
1082 2910 1191 2981 saciant.
1216 2907 1316 2964 Poterit
1329 2911 1398 2964 euim
1412 2911 1481 2981 qaod
1495 2911 1521 2964 in
1542 2909 1709 2980 multiloquio
1725 2927 1772 2966 etto

109 2998 318 3072 diligunt,paum
328 3002 471 3058 mercedem
480 3001 626 3059 babebitis?
641 3002 737 3060 Nouae
749 3014 773 3060 et
786 3005 918 3073 publicani
971 3003 1154 3058 exaudiantur.
1178 3001 1269 3058 Nolite
1290 3019 1351 3074 erga
1371 3003 1512 3058 astititilari
1527 3004 1573 3059 eit.
1594 3003 1624 3059 Si
1647 3003 1774 3060 ethnicus

109 3092 158 3148 hoe
173 3091 378 3166 [iterantibus
392 3095 564 3152 salutaveritis
578 3098 674 3168 fratres
688 3107 784 3154 uestros
799 3107 916 3169 tautum,
973 3099 1132 3154 irroratione
1142 3096 1255 3153 multum
1269 3097 1526 3169 luquitiir‚ergoqui
1537 3096 1771 3165 Christianusest,

108 3185 293 3256 paidumpliits
303 3187 412 3257 facitis?
423 3186 517 3244 Nonne
529 3199 552 3244 et
565 3187 660 3245 ethuici
674 3191 722 3246 boc
735 3191 833 3262 faciam
843 3195 856 3248 l
866 3165 956 3250 lde-G
973 3193 1055 3256 delict
1070 3207 1167 3264 parum
1183 3191 1266 3262 loqui.
1282 3188 1352 3245 beas
1373 3190 1445 3246 enini
1468 3206 1521 3245 nou
1547 3189 1698 3258 uerborum,
1728 3190 1776 3245 ted

112 3285 231 3352 toteerao
243 3293 289 3334 aas
302 3281 522 3353 perterritorum
534 3279 706 3339 Palereetter
715 3283 823 3342 celestis
835 3289 920 3360 perse-
973 3289 1060 3343 cordis
1074 3286 1180 3342 auditor
1194 3294 1232 3341 eal
1243 3285 1322 3357 (Sap.
1340 3301 1359 3344 ι.
1374 3283 1413 3356 6).

112 3371 262 3426 aracussi
273 3371 320 3429 liei
333 3384 468 3446 praecepta
478 3375 645 3442 custodiens,
656 3376 921 3451 liliusquisellicltur
1011 3380 1103 3453 (l'ers.
1119 3377 1161 3450 8.)
1175 3377 1233 3434 Scit
1246 3378 1314 3432 euim
1329 3375 1411 3432 Pater
1424 3390 1504 3431 oetier
1517 3375 1581 3445 qaid
1595 3391 1661 3444 apae
1681 3375 1715 3428 sit
1729 3391 1775 3430 eo·

112 3459 268 3534 licitergo
289 3477 343 3519 nori
358 3473 402 3520 est
415 3473 511 3521 natura
531 3465 622 3534 lilius,
652 3468 700 3524 sed
724 3469 836 3525 arbitrio
859 3485 920 3528 suo.
973 3474 1174 3545 lis,anteqaam
1188 3468 1685 3544 petatieeum.Sicergooaeorabitis.
1702 3466 1776 3522 Gon·

149 3565 227 3634 (llip.
251 3561 299 3619 tt.
323 3592 359 3605 ···
381 3562 460 3619 teis.
477 3563 517 3638 l.)
533 3566 663 3622 Attendite
676 3583 708 3621 ue
713 3568 852 3639 justitiam
866 3585 921 3622 ues—
973 3566 1062 3636 surgit
1077 3565 1103 3619 in
1118 3563 1170 3620 lioc
1186 3564 1247 3619 loco
1267 3563 1391 3634 airadum
1406 3561 1535 3624 baresis,
1551 3559 1776 3631 philosophorum

116 3663 182 3709 tram
198 3656 302 3727 {aciatis
318 3671 406 3713 aaroni
428 3656 597 3727 hantinilar,
615 3667 643 3713 ιιι
656 3659 796 3715 videamini
812 3660 844 3714 ab
858 3661 921 3716 eir:
977 3657 987 3697 ¹
1008 3675 1115 3731 quoque
1134 3672 1295 3730 perversum
1315 3655 1424 3727 dogma,
1448 3655 1596 3711 dicentium
1622 3673 1630 3713 :
1652 3655 1683 3712 Si
1701 3658 1779 3712 ntivlt

116 3748 234 3821 abaguio
246 3750 393 3805 mercedem
404 3765 456 3804 uon
468 3749 595 3806 habebitis
609 3752 680 3824 apud
693 3749 800 3807 Patrem
812 3762 923 3808 vetrum
976 3755 1049 3812 lleus
1067 3752 1132 3824 quid
1147 3766 1267 3816 oremus,
1283 3757 1311 3807 et
1321 3757 1467 3820 antequam
1483 3757 1618 3819 petamus,
1644 3749 1696 3805 scit
1719 3749 1779 3819 qui-

115 3843 161 3911 piii
179 3843 206 3896 iu
230 3841 301 3898 caelis
322 3850 372 3898 est.
388 3851 402 3880 ¹²
418 3840 547 3918 Quituba
560 3845 651 3913 cauit,
668 3844 868 3919 eleemosynam
884 3845 924 3903 la·
976 3849 1027 3906 lius
1049 3846 1229 3920 indigeamus,
1255 3842 1356 3899 trustra
1381 3841 1480 3898 scienti
1503 3840 1650 3912 loquimur.
1675 3839 1779 3908 Quibus

116 3935 215 4005 ciens,
239 3936 382 4010 hypocrita
398 3945 450 3994 est.
463 3936 515 4006 Qui
527 3937 653 4010 jejunans
667 3939 814 3998 demolitur
827 3942 923 4000 iaciem
975 3941 1095 4000 breuiter
1108 3935 1327 4010 respondendum
1341 3943 1396 4003 est,
1411 3947 1523 3988 nosnon
1537 3939 1694 3986 narratores
1704 3945 1780 3996 esse,

116 4041 193 4084 suam
208 4073 216 4098 ,
231 4040 262 4084 ut
274 4029 379 4087 neutris
399 4030 561 4087 inanitatem
586 4043 722 4092 monstret
740 4037 768 4091 iii
787 4037 882 4104 uultu,
897 4047 929 4094 et
975 4036 1025 4093 scd
1050 4042 1200 4106 rogatores.
1222 4027 1304 4087 Aliud
1329 4036 1372 4085 est
1392 4027 1466 4083 enim
1490 4037 1602 4080 narrare
1629 4023 1777 4094 ignoranti,

120 4123 166 4179 liic
179 4123 325 4197 hypocrita
339 4131 392 4194 est.
407 4123 458 4194 Qui
469 4124 498 4181 iii
507 4127 653 4199 synagogis
663 4137 691 4186 et
705 4129 731 4186 iu
746 4131 852 4204 angulis
866 4133 924 4204 pla·
977 4127 1050 4184 aliud
1066 4127 1198 4182 scientem
1213 4129 1319 4194 petere.
1342 4119 1371 4175 lu
1388 4118 1435 4174 illo
1449 4115 1580 4173 indicium
1594 4121 1647 4183 est,
1673 4115 1717 4170 liic
1731 4115 1782 4171 ob-

119 4225 224 4272 tearum
249 4223 334 4284 orat,
355 4227 385 4276 ιιι
401 4217 526 4275 videatur
545 4221 578 4274 ab
592 4219 764 4292 bominibus,
783 4223 925 4298 hypocrita
977 4223 1116 4296 sequium.
1141 4219 1181 4277 lui
1204 4218 1323 4275 lideliter
1337 4215 1501 4283 indicamus,
1524 4213 1570 4271 liic
1588 4213 1784 4270 miserabiliter

118 4319 171 4365 est.
193 4309 236 4365 Ex
259 4310 360 4382 quibus
377 4311 508 4368 omnibus
521 4313 658 4386 colligitur
671 4316 828 4388 hypocritas
843 4332 924 4390 esse,
978 4319 1168 4374 obsecramus.

120 4403 167 4472 qni
180 4403 322 4474 quodlibet
335 4401 451 4469 iaciunt,
469 4411 498 4460 ut
517 4405 552 4463 ab
568 4405 722 4464 hominibus
737 4409 926 4482 glorificentur
1015 4410 1108 4484 (leis.
1124 4406 1165 4480 9.)
1177 4404 1257 4460 Pater
1267 4412 1365 4467 noster,
1380 4401 1424 4473 qai
1437 4416 1464 4454 er
1479 4400 1506 4452 in
1521 4397 1602 4453 calis.
1615 4398 1725 4453 Patrem
1738 4395 1782 4452 di-

120 4492 175 4568 [et.
190 4495 428 4568 lionoribcentorl.
442 4497 764 4574 blihiiideturetillequi
774 4503 838 4559 dicit
849 4503 925 4562 fratri
979 4503 1078 4568 cendo,
1093 4517 1123 4557 se
1137 4499 1208 4555 lilios
1218 4495 1394 4554 comitentur.

120 4603 193 4645 suo:
212 4588 318 4645 Dimitte
331 4590 458 4646 attollam
471 4597 596 4664 gesiacam
616 4594 649 4649 de
662 4595 737 4651 aeolo
753 4606 797 4652 tito
815 4567 967 4670 (dietih.B
1017 4596 1202 4663 Saartiliceliir
1215 4607 1308 4647 nometi
1323 4600 1406 4646 tuum.
1432 4585 1491 4642 Non
1505 4585 1535 4640 iri
1551 4593 1588 4651 te,
1610 4582 1665 4656 34
1689 4584 1737 4639 sed
1754 4582 1782 4639 iii

119 4696 179 4747 ιιι,
194 4683 225 4750 l)
238 4725 245 4746 ,
259 4681 274 4722 l
289 4693 401 4754 propter
415 4683 529 4756 gloriam
544 4685 706 4753 hoclacere,
722 4699 751 4745 ut
765 4689 823 4761 ipse
837 4692 928 4762 iustus
980 4691 1072 4750 uobis.
1091 4689 1121 4746 Si
1144 4687 1216 4744 enim
1237 4693 1349 4756 propter
1362 4689 1522 4754 peccatores
1541 4693 1641 4734 nomeu
1658 4677 1706 4732 bei
1721 4676 1782 4732 bla-

120 4791 185 4833 esse
199 4777 337 4834 rideatur.
356 4775 433 4835 [lude
446 4777 546 4834 dicitur
556 4780 581 4836 ei
593 4796 608 4835 a
622 4781 737 4840 Domino
751 4802 758 4840 :
771 4784 927 4859 ngocrita,
981 4785 1140 4859 sphematur
1152 4781 1179 4835 iii
1189 4775 1415 4850 gentibusllloui.
1427 4773 1497 4845 uiti),
1507 4771 1663 4829 econtrario
1673 4777 1785 4843 propter

119 4871 188 4942 ejice
201 4870 315 4944 primam
326 4870 425 4926 trabem
435 4870 468 4926 de
478 4871 553 4927 oculo
568 4873 713 4935 riarum
729 4878 820 4950 itaque
831 4880 927 4950 uirtus,
979 4881 1067 4952 justos
1082 4871 1280 4932 sanctificator.

159 5029 175 5058 ¹
200 5018 324 5074 Alterum
335 5019 499 5076 uersiculum
521 5040 527 5077 :
547 5021 612 5077 Com
627 5040 688 5097 ergo
708 5027 774 5099 faeie
788 5027 928 5103 alsentorp.
1021 5038 1033 5068 s
1061 5027 1119 5080 lluo
1141 5019 1226 5077 nostri
1242 5017 1409 5088 totidemque
1422 5013 1492 5085 apud
1514 5011 1699 5068 liartiauaeum
1717 5019 1785 5064 mss.

121 5109 206 5156 nam.
222 5090 277 5146 ’wlff
297 5091 360 5147 illia
374 5107 466 5148 where
480 5101 539 5148 ante
553 5102 577 5149 te
590 5095 658 5151 deut
674 5097 816 5171 hypocrite
830 5103 930 5172 faciunt
983 5099 1055 5156 hauc
1073 5097 1241 5152 iiurrseruut
1255 5091 1301 5145 hic
1320 5089 1372 5142 luci
1394 5086 1558 5166 seutentiam
1575 5101 1582 5136 ι
1599 5081 1667 5136 Tum
1681 5082 1785 5162 demam

121 5166 150 5218 ia
171 5163 314 5234 sgiiagogis
328 5175 352 5219 et
367 5164 394 5218 iu
408 5164 487 5233 eicis,
503 5174 532 5219 ut
545 5162 705 5223 honoreutiti·
720 5170 751 5224 ult
765 5170 927 5241 hortatibus,
982 5174 1063 5227 cirtae
1076 5163 1259 5222 obserationis
1270 5159 1327 5217 Deo
1339 5167 1445 5232 accepta
1459 5164 1514 5225 ert,
1533 5173 1555 5210 ri
1571 5151 1713 5237 causabar
1727 5151 1784 5220 piot.

119 5236 295 5304 sulijiingunt
307 5235 365 5303 pari
377 5249 514 5291 consensu
527 5235 644 5293 Palatini
657 5241 737 5296 codd.
751 5244 796 5310 oui
810 5243 930 5316 alioquin
1019 5241 1034 5280 ‘l
1048 5240 1076 5295 lu
1093 5238 1179 5293 Palat.
1200 5233 1307 5290 duobus
1327 5246 1404 5294 mss..
1431 5227 1467 5283 Et
1481 5226 1635 5355 rimsslieiter
1652 5231 1784 5306 sistentem

121 5305 313 5363 iureeitandis
326 5307 720 5376 Scriptureuertiispiretores
732 5314 928 5384 reliquissent.
983 5313 1070 5372 eritdit
1085 5309 1241 5364 auditorem.
1257 5305 1311 5362 Pro
1324 5303 1476 5376 simpliciter
1491 5299 1529 5356 Ra
1553 5300 1639 5353 banus
1663 5293 1785 5350 similiter

121 5377 164 5434 lle
181 5387 275 5434 alitem
292 5380 352 5447 ipsa
367 5378 439 5435 buno
454 5378 619 5437 versiculum
639 5391 696 5439 tota
716 5386 852 5456 expositio
868 5387 932 5444 sub-
984 5385 1062 5458 legit.
1591 5440 1598 5452 ‚
1622 5439 1629 5452 ,

120 5465 200 5510 ”⁰¹³
220 5450 342 5520 millii!-
1021 5466 1035 5496 ι
1055 5451 1166 5510 Addunt
1179 5449 1262 5506 iidem
1278 5446 1393 5504 Palatini
1408 5459 1475 5502 mss.
1491 5449 1515 5499 et
1525 5457 1575 5498 aaa
1587 5438 1660 5494 tiltttt
1674 5452 1726 5492 uon
1739 5451 1788 5490 att·

161 5520 291 5578 1’birico
313 5521 452 5594 legebatur
466 5539 527 5579 uani
541 5525 768 5602 proptergloriant
782 5528 832 5583 boe
846 5531 932 5600 faeere
985 5529 1115 5586 debatur.
1511 5587 1517 5600 .
1681 5581 1688 5594 ,

121 5597 249 5660 ridetur,
270 5609 351 5649 seusu
375 5595 500 5664 equidem
524 5613 578 5652 uun
594 5599 661 5654 satis
682 5599 809 5670 expedito
827 5616 855 5658 et
872 5619 934 5675 per·
1024 5599 1033 5640 ¹
1053 5597 1249 5668 Epicureorum
1265 5591 1324 5648 liae
1338 5590 1388 5647 luit
1404 5596 1549 5669 argutatio,
1574 5593 1622 5666 ιιιι
1633 5591 1724 5653 potius
1741 5595 1788 5636 ue-

122 5669 240 5738 spicuo.
256 5663 310 5722 Nos
326 5666 452 5722 codicum
473 5667 662 5726 Palatinarum
676 5673 856 5742 auctoritate,
872 5691 933 5731 narii
986 5674 1073 5739 sauia,
1094 5667 1130 5726 de
1150 5681 1203 5739 qua
1217 5664 1348 5721 blaximus
1364 5661 1462 5734 Tyrius
1483 5659 1705 5715 dissertationem
1722 5667 1790 5710 sane

123 5737 309 5804 adverbium,
337 5746 366 5792 et
393 5739 505 5796 terbum
529 5740 646 5812 uidetur,
672 5743 843 5814 induximus,
868 5761 933 5804 seii·
984 5745 1152 5806 luculentam
1164 5737 1290 5796 institnit.

123 5823 249 5881 sumque
263 5809 296 5863 ad
311 5823 377 5865 mss.
393 5809 473 5868 tidem
487 5811 567 5867 nitori
584 5813 698 5884 pristino
712 5818 894 5876 restituimus,

278 5904 415 5970 Parisoi.
438 5903 558 5968 XXVl.
1530 5897 1550 5957 2
