4000 6334
119 343 161 404 nii
562 329 802 392 Cibilliiilii'hiiil
822 325 855 382 tlt
876 322 1008 383 LIBRUM
1027 325 1098 384 tob.
1119 323 1197 384 Ghl’.
1219 326 1251 382 ll.
1678 329 1732 390 bb·

118 459 166 518 nne
178 453 298 528 appellat:
313 468 376 525 quar
390 451 577 510 maledicentia
593 461 645 520 est.
661 463 690 510 et
713 446 881 508 exsecrantia
895 445 1054 515 Auladium
1068 457 1209 520 peecatum
1232 448 1315 516 dieat,
1337 447 1473 504 «tinnirent
1490 455 1589 506 mnae
1611 449 1731 508 animan

117 549 289 620 uernularum
305 547 428 616 seqnitur
443 545 571 602 interitus
585 547 780 616 sempiternus.
938 540 1076 609 hominia,
1103 550 1132 595 ut
1156 555 1216 595 eam
1238 540 1290 595 sibi
1314 539 1533 610 acquiescentem
1563 549 1731 611 prosternat.

144 641 209 714 cujas
223 655 325 694 messem
337 637 471 708 samareae
492 637 625 704 comedet,
648 645 674 694 et
695 639 781 712 ipeant
802 633 887 706 rapiet
936 633 1016 705 Quod
1038 643 1181 704 peccatam
1204 632 1286 704 gladii
1309 633 1420 688 nornine
1437 630 1538 688 dicitnr
1552 647 1601 702 per
1614 633 1735 706 prophe·

116 744 217 802 nautae,
231 729 347 788 etbibent
361 731 474 786 sitienter
488 731 592 786 diuitiae
603 731 671 800 aiut.
688 729 765 785 Nihil
776 729 803 782 in
816 736 886 782 tarra
937 735 1003 795 ιιιιι,
1018 736 1049 782 ut
1062 728 1119 783 ait:
1134 726 1290 800 speculator
1299 727 1322 781 ti
1334 726 1426 782 uiderit
1446 725 1563 798 plantata
1580 729 1733 786 renitatettt.

116 824 286 888 inerarrabili,
299 830 322 878 et
335 822 369 876 tie
379 820 459 876 bama
472 839 524 877 nou
534 820 679 894 epredietar
688 821 775 876 dolor.
786 819 886 877 Sitien·
972 820 1111 892 Arlapello
1124 818 1221 890 iiapaoe
1232 819 1410 888 detonderis,
1422 827 1449 874 et
1468 833 1522 875 tlon
1543 820 1644 878 timebit
1661 822 1738 880 raia·

24 941 25 956 ι
114 917 286 990 ιιε,[;ιιιιι1ἰιι,
312 925 341 972 ct
364 915 478 972 armati:
503 915 632 972 diabolus
655 925 683 972 et
704 914 748 972 sni
773 922 887 986 possunt
937 914 1051 970 mitatem
1071 930 1130 968 earn
1150 914 1256 969 renuit.
1276 914 1304 970 Si
1322 911 1732 988 conuersusitterisadibean,

114 1013 216 1084 intelligi,
231 1012 273 1080 qui
289 1017 451 1082 potestatem
465 1009 600 1081 accipiunt
616 1009 712 1074 allen,
728 1019 756 1064 ut
779 1017 887 1065 vastent
937 1008 1067 1066 interiora
1082 1017 1138 1072 tua,
1152 1006 1234 1076 gladii
1247 1006 1403 1073 uerborum,
1419 1005 1598 1078 pertimuere
1618 1006 1733 1078 jaculati

112 1103 271 1178 iniquosrnel
283 1102 411 1160 sitientes
423 1103 562 1159 hominnm
578 1114 705 1173 mortem,
729 1118 810 1160 amne
833 1103 886 1158 sci·
938 1117 991 1158 non
1015 1108 1171 1172 penetrant,
1195 1109 1222 1154 et
1244 1098 1423 1166 calamitates,
1437 1096 1481 1154 ael
1495 1096 1565 1153 maia
1578 1096 1735 1169 quaethaa

112 1203 162 1257 licet
181 1199 273 1254 bunum
300 1207 422 1266 naturae,
443 1207 472 1254 et
493 1197 566 1268 qnod
588 1198 699 1254 nomine
726 1196 885 1252 dinitiarum
938 1195 1092 1264 irrogantur
1106 1191 1304 1263 peccatoribus,
1319 1204 1374 1247 non
1388 1189 1507 1246 timebit.

111 1293 194 1348 biretum
213 1299 261 1354 est.
278 1290 314 1346 ab
329 1290 368 1346 eir
382 1289 459 1347 uelrrt
471 1290 597 1348 baustum
615 1291 742 1361 poculum
756 1289 887 1346 absorbe·
973 1284 1008 1340 in
1021 1285 1140 1340 vastitate
1163 1292 1186 1338 et
1207 1283 1277 1352 fame
1299 1281 1405 1338 ridebit.
1428 1280 1556 1350 Ridebis,
1581 1280 1661 1352 (lixit,
1684 1296 1736 1354 pro

111 1397 144 1439 nn
154 1403 159 1437 :
170 1383 206 1438 rel
220 1382 343 1438 nomines
359 1383 455 1454 iniqui,
471 1383 518 1454 qui
533 1389 662 1454 premunt
673 1381 821 1452 subjectos.
937 1378 1096 1445 exsultabit,
1111 1385 1192 1448 atque
1204 1375 1345 1447 gaudebis,
1359 1385 1387 1430 et
1400 1374 1478 1431 letus
1492 1374 1561 1442 erit,
1582 1390 1644 1432 cnm
1661 1375 1735 1433 aiios

139 1477 210 1532 llo-no
230 1477 346 1530 nascitur
367 1475 403 1530 ad
423 1474 556 1542 laborent,
580 1483 605 1530 et
626 1475 681 1530 anis
704 1473 739 1530 ati
760 1474 885 1529 nolarum.
937 1473 1039 1529 rideris
1060 1471 1132 1528 iame
1151 1470 1235 1540 allici,
1259 1470 1468 1542 sirepraesenti,
1483 1470 1638 1527 tineetiam
1652 1469 1736 1529 beleb

111 1567 257 1638 penetrem
278 1584 327 1642 epo
347 1568 507 1640 deprecabor
528 1567 679 1634 bominum,
704 1575 729 1624 et
749 1567 783 1621 nti
803 1564 887 1622 Deum
938 1567 1060 1624 iecturali.

23 1693 24 1704 ι
109 1661 434 1735 portnmrioqaiurnnaeum.
450 1662 540 1730 idest,
555 1659 781 1716 iabnrimminern
795 1669 888 1716 monet
973 1659 1010 1716 Ει
1025 1661 1263 1716 bertiattcrraaon
1276 1657 1440 1728 formidabit.
1462 1656 1527 1714 blaa
1547 1655 1664 1728 septima
1680 1671 1737 1724 ea·

109 1754 157 1828 [tl.
171 1752 284 1826 manet],
301 1762 333 1809 ιιι
344 1755 379 1810 ab
388 1754 596 1810 omnibnsuitiis
606 1753 756 1825 castigatus
767 1753 885 1810 incedat.
939 1761 1079 1823 tremanne
1102 1752 1251 1808 tribulatio.
1275 1751 1372 1806 tteettae
1392 1761 1483 1815 terre,
1507 1757 1623 1820 pussant
1641 1757 1669 1812 et
1684 1752 1735 1806 ista

22 1903 24 1914 ,
136 1848 178 1918 ssei
191 1849 250 1920 {acii
263 1864 359 1920 mapna
373 1855 397 1903 et
410 1847 599 1910 immutabilia,
615 1855 639 1902 rt
651 1847 781 1903 mirabilia
791 1848 885 1918 absque
899 1829 926 1894 Β
939 1845 1084 1901 animantia
1104 1860 1164 1912 nure
1185 1854 1250 1900 sunt
1269 1846 1329 1900 sine
1350 1843 1457 1899 ratione
1481 1841 1610 1913 intelligi,
1634 1841 1735 1914 quibua

107 1953 204 1992 tanaro.
219 1937 270 2004 Qai
285 1940 332 1993 rial
344 1939 461 2012 planiam
473 1956 550 2006 saper
560 1941 655 2011 facient
669 1948 755 2005 terne,
777 1948 801 1994 rt
820 1939 886 1992 irri·
939 1941 972 1996 ud
997 1940 1182 1996 devorantium
1204 1938 1330 1995 irentines
1353 1938 1452 1993 duratur
1476 1937 1735 2008 reponebamus

22 2029 24 2106 g
106 2039 142 2103 pat
158 2030 226 2100 aonia
246 2031 379 2088 uniuersa.
398 2031 449 2100 eri
473 2031 544 2102 ponit
564 2032 673 2088 lumilas
685 2033 713 2086 in
726 2031 848 2100 sublime,
861 2041 888 2089 et
939 2035 1062 2090 immines
1075 2033 1150 2100 mali,
1165 2033 1260 2089 bestiae
1275 2032 1465 2102 appellantur,
1489 2044 1580 2088 mores
1601 2029 1735 2088 babentes

22 2107 24 2118 ’
106 2131 219 2179 amantea
233 2125 453 2198 aipirroepitare.
467 2125 542 2182 Utin
556 2125 625 2182 Filio
640 2126 688 2184 liei
702 2125 784 2182 bomo
805 2124 888 2182 Chri·
939 2125 1737 2196 similesmoribasbestiarum,eontraqnaspngnaetese

106 2225 153 2272 ttns
164 2217 196 2272 sit
209 2217 292 2282 bens,
307 2227 336 2274 et
351 2233 399 2290 per
410 2233 474 2274 eum
486 2219 619 2276 Ecclesia.
940 2219 1045 2295 Ephesi
1053 2219 1121 2276 dicit
1132 2219 1292 2290 npaernue.
1304 2217 1365 2276 lion
1376 2218 1535 2274 terminante
1544 2233 1621 2290 erpo,
1633 2219 1734 2290 iuquit.

22 2371 24 2382 Ι
134 2309 297 2384 Quiniseipat
311 2311 481 2383 copita'tionee
494 2311 681 2384 antiquiorum,
695 2329 727 2366 ne
742 2313 824 2384 partit
839 2313 889 2368 iat·
940 2314 992 2370 hoc
1006 2315 1119 2380 malum,
1132 2327 1194 2369 cnm
1209 2322 1378 2384 correptnsa
1396 2311 1522 2378 Domina,
1546 2313 1619 2368 riam
1642 2327 1737 2374 emea-

22 2405 24 2460 ἑ
105 2402 164 2474 aare
175 2419 262 2460 ιιιιιιιιιι
277 2419 370 2460 eornm
382 2405 453 2474 qaod
467 2413 595 2477 ceperant.
610 2403 766 2461 irtbaecrrnn
790 2405 889 2462 videli-
939 2405 1058 2462 dationis
1074 2404 1227 2461 intraueris.

22 2505 24 2542 ι
105 2505 148 2565 tet,
161 2497 203 2567 qni
216 2495 356 2553 Christum
372 2505 535 2569 putauerunt
548 2498 734 2568 exstinguere,
749 2505 778 2552 et
790 2513 888 2556 nomen
976 2497 1391 2570 Sedeumtapiaiibaarepiouarn
1407 2506 1606 2568 pactatutaam.
1621 2499 1791 2573 Lapides‘

106 2586 155 2658 eius
167 2587 255 2646 delere
268 2589 305 2645 de
321 2599 404 2644 terra.
422 2588 469 2645 Vel
492 2589 518 2644 in
544 2591 713 2662 martyribus
731 2603 889 2659 persecuta·
940 2604 989 2661 per
1002 2587 1199 2658 rnretaphoram,
1215 2587 1340 2644 bornrincs
1354 2587 1422 2646 dixit
1437 2589 1551 2648 stabiles
1562 2600 1591 2648 et
1611 2593 1733 2663 nutans,

105 2695 154 2736 rum
169 2681 297 2738 Ecclesiae
309 2681 516 2737 adversantium
531 2679 684 2750 dissipauit·
697 2683 887 2754 cogitatianes,
939 2684 986 2754 qui
997 2692 1060 2737 snm
1073 2683 1164 2754 utiqne
1173 2682 1238 2752 iusti
1253 2692 1280 2738 et
1294 2681 1400 2738 sancti:
1416 2682 1444 2738 hi
1457 2697 1573 2756 ttarnque
1583 2685 1611 2740 in
1624 2686 1735 2742 martium

22 2757 24 2812 3
105 2773 164 2830 sient
184 2773 298 2830 Herodis
321 2775 347 2829 in
364 2773 457 2830 Petro.
472 2775 506 2830 Et
517 2775 598 2830 aliter
610 2792 617 2830 :
631 2773 691 2830 Non
706 2775 819 2844 implent
834 2791 889 2830 ma·
941 2775 1060 2846 lapillum
1073 2774 1145 2830 llrmi
1161 2776 1188 2830 in
1205 2775 1349 2846 neaeram,
1364 2790 1414 2848 per
1427 2778 1552 2848 regiones
1565 2777 1655 2834 varias
1666 2793 1735 2834 con-

104 2865 435 2936 nnemrnmqnevotum,
462 2864 525 2937 qnia
551 2865 596 2922 atii
620 2881 715 2922 eurum
740 2865 890 2922 liberantur
940 2868 1040 2924 stituti.
1062 2865 1131 2922 cnm
1156 2867 1303 2939 lisitanae
1316 2867 1431 2924 habebis
1444 2880 1551 2939 pactum
1565 2869 1738 2927 saltuatim·

21 2945 24 3028 J
104 2955 132 3012 ati
142 2967 255 3028 tempus:
266 2958 313 3013 aiii
323 2973 388 3014 vero
400 2974 447 3029 per
456 2959 568 3030 jarrnnm
577 2957 891 3015 mortisintroduanntnr
940 2961 1042 3030 ritulis,
1058 2970 1086 3016 ut
1101 2960 1189 3016 abeis
1204 2976 1351 3032 numquam
1369 2971 1395 3017 te
1411 2959 1548 3018 tribulatio
1561 2963 1650 3032 possit
1661 2963 1737 3019 arai-

21 3065 23 3114 l
103 3051 131 3106 ad
142 3053 230 3120 uitam,
245 3063 273 3111 et
285 3055 366 3124 istos,
381 3062 409 3109 et
419 3053 480 3110 illos
494 3054 611 3110 salvabit
623 3054 708 3108 bene.
722 3050 785 3108 illas
796 3060 889 3124 aperte
939 3057 1007 3114 tere.

21 3179 22 3182 η
103 3142 240 3212 liberantis,
258 3147 310 3202 tros
323 3145 429 3202 occulte
442 3145 611 3204 coronando.
977 3149 1011 3206 Et
1023 3149 1110 3206 bertier
1121 3158 1198 3206 terrra
1209 3151 1326 3224 pacifica
1337 3160 1412 3208 erant
1426 3149 1481 3205 tibi.
1501 3149 1631 3206 {laurices
1643 3150 1741 3206 utne

21 3229 23 3322 ἶ
132 3239 507 3310 Qnappreneattrnptenue
522 3239 769 3304 teneraetenerae,
783 3247 808 3293 et
828 3253 889 3292 corr·
902 3207 928 3276 0
942 3253 986 3300 eet
1008 3243 1144 3313 peonnam
1168 3242 1230 3307 tert.
1253 3255 1281 3298 er
1305 3243 1380 3310 ιιιιιι,
1402 3243 1429 3298 tn
1444 3241 1612 3308 innuentia,
1627 3250 1657 3300 m
1671 3259 1738 3301 enee

21 3325 22 3372 ἶ
102 3331 177 3388 tiliam
198 3349 340 3404 marorum
358 3332 479 3405 dissipat.
503 3331 686 3402 Philosophus
709 3331 824 3397 scilicet,
846 3330 889 3386 vel
941 3338 1050 3399 effecti:
1067 3351 1165 3394 nomen
1180 3346 1271 3394 umen
1285 3338 1429 3406 pristinum
1442 3337 1605 3408 retinentes,
1618 3338 1739 3396 sicuttle

21 3413 22 3418 ¹
101 3425 197 3484 iudans
217 3427 345 3484 docit'bm
366 3427 517 3496 apostolica
533 3425 710 3492 convincent,
727 3424 801 3480 etad
819 3423 891 3477 nilni-
941 3433 1251 3502 Matrhaeoeuangeiista
1269 3430 1387 3487 dicitur:
1412 3429 1551 3488 Martium
1571 3432 1737 3502 publicam,

21 3509 22 3514 '
102 3516 147 3574 inm
160 3534 270 3577 errores
281 3533 377 3574 eorum
394 3518 532 3589 redigens.
976 3523 1013 3580 Et
1024 3523 1089 3578 scier
1101 3523 1171 3594 quoti
1182 3538 1272 3595 param
1284 3521 1376 3578 babeat
1389 3523 1585 3578 tabernaculam
1598 3534 1680 3580 ιιιιιιιι.
1694 3525 1739 3582 ab
1762 3514 1770 3522 ’

129 3611 401 3670 Padiemincarreni
417 3610 547 3666 tenebrat·
563 3609 624 3666 Dies
644 3617 703 3664 elil
725 3607 751 3662 ih
775 3606 888 3677 luditis,
942 3617 1000 3672 istis
1023 3616 1150 3671 omnibus
1169 3616 1269 3686 qrribns
1290 3615 1365 3672 relat
1378 3617 1412 3671 ab
1429 3615 1553 3671 hostibus
1566 3629 1739 3688 expugnatur

21 3699 22 3702 ’
101 3702 129 3759 tle
141 3719 229 3774 reguo,
242 3703 414 3773 sacerdotio,
429 3702 498 3772 lege,
514 3702 596 3756 unius
605 3699 686 3756 etiam
699 3698 745 3756 Dei
758 3697 890 3770 relishmss
942 3709 1158 3773 tabernaculum,
1170 3709 1212 3764 rel
1223 3707 1367 3775 habitatin,
1377 3708 1436 3764 sire
1446 3707 1545 3763 domus
1555 3711 1678 3780 carparis
1687 3711 1737 3768 tui.

99 3796 286 3866 gloriantibus:
303 3796 350 3852 set
364 3813 417 3852 non
430 3793 575 3852 credentes
587 3793 614 3850 in
625 3792 748 3858 Christo,
764 3792 890 3849 tenebras
977 3800 1012 3854 Et
1025 3801 1132 3856 risimus
1144 3799 1255 3870 speciem
1269 3808 1342 3853 taam
1351 3815 1404 3853 uon
1422 3799 1549 3870 peccabit.
1574 3799 1634 3856 iloc
1651 3800 1736 3857 llicit:

100 3890 207 3958 pertidia
225 3890 390 3946 inciderunt.
942 3892 1065 3948 llominis
1078 3891 1116 3946 tni
1139 3890 1269 3959 speciem,
1290 3906 1307 3945 o
1328 3889 1392 3957 lob,
1417 3898 1447 3946 ut
1468 3889 1558 3946 divina
1581 3891 1737 3948 visitatione

128 3981 157 4038 Et
170 3983 247 4056 quari
261 3984 291 4039 ia
307 3982 427 4038 materie
442 3978 583 4052 palpabunt
598 3979 625 4032 itt
647 3977 765 4032 meridie·
790 3975 890 4044 Utique
941 3984 1050 4054 dignam
1061 3983 1190 4038 exhibeas
1199 3991 1263 4052 peto
1275 3999 1282 4035 ε
1295 3996 1328 4036 ac
1340 3981 1524 4045 habitationis,
1535 3989 1563 4036 et
1576 3981 1735 4051 habitantia,

98 4077 277 4146 prosperitatis
293 4091 360 4146 snae,
377 4090 437 4146 qutun
452 4088 514 4128 enin
531 4072 612 4126 suillo
627 4068 699 4126 circa
722 4067 816 4124 felices
839 4084 891 4124 δίθ-
943 4079 1063 4142 nomine,
1079 4085 1164 4131 totum
1178 4075 1313 4146 integrum
1329 4074 1465 4130 hominem
1481 4075 1607 4145 signarit.

98 4167 143 4224 tali
156 4171 235 4240 liujus
247 4167 399 4240 splendore
425 4181 500 4220 nanu
525 4163 620 4236 gloriar
644 4161 760 4234 amplius
785 4161 888 4230 inerit,
977 4169 1013 4222 iit
1039 4169 1105 4223 eries
1125 4169 1247 4238 quoniam
1267 4166 1406 4236 multiplea
1425 4169 1473 4222 erit
1495 4183 1582 4222 remea
1604 4175 1692 4237 ιιιιιιιι,
1712 4177 1739 4225 et

97 4273 141 4329 qua
153 4277 181 4316 sc
193 4261 278 4328 longa
292 4255 440 4314 secrrritate
455 4255 573 4310 nrunitos
588 4254 717 4324 putabant
730 4267 789 4308 eam
804 4267 890 4323 usqne
942 4261 1076 4333 proponite
1096 4266 1142 4312 tna
1160 4257 1236 4328 qaaei
1247 4256 1326 4312 herba
1337 4268 1419 4314 terrra.
1435 4256 1621 4327 spiritualiter
1632 4258 1668 4316 tie
1679 4275 1739 4316 om-

96 4350 218 4408 adaetatie
229 4367 288 4410 saar
302 4365 444 4420 vesperam
458 4361 651 4418 possessuros:
669 4347 695 4401 in
710 4345 888 4400 tribulatione
942 4353 1023 4408 nilnts
1036 4349 1137 4406 sanctis
1151 4349 1252 4406 dictum
1268 4349 1371 4405 sentire
1394 4363 1549 4418 mamus,
1571 4351 1645 4420 quad
1668 4351 1740 4412 ntiae

96 4447 187 4514 subita,
202 4463 266 4519 quum
283 4445 497 4517 nacttsnnmiae
512 4442 583 4498 dicta
597 4448 649 4506 est,
665 4451 777 4510 strrptnc
793 4439 888 4506 nimio,
942 4445 969 4499 in
980 4443 1109 4511 operibus
1119 4441 1198 4498 bonis
1211 4441 1337 4497 babeant.
1349 4439 1395 4497 isti
1410 4442 1478 4497 tales
1487 4441 1535 4498 iiiii
1545 4443 1738 4514 captationem

96 4537 119 4594 in
130 4539 262 4612 angustiis
275 4536 418 4602 coarctati,
434 4536 528 4590 retortis
540 4533 622 4588 etium
638 4532 735 4588 tirnme
747 4532 884 4602 perculsi.
944 4535 1050 4592 semine
1064 4535 1189 4605 concepti
1204 4534 1344 4605 pariuntur
1358 4535 1384 4588 in
1399 4549 1492 4604 opere,
1510 4541 1539 4590 et
1552 4534 1639 4592 saneti
1658 4534 1741 4607 bajus

96 4630 198 4702 palpare
213 4633 353 4696 dicunntur,
369 4629 466 4700 praretiti
481 4629 572 4700 trtiqnc
587 4627 714 4692 rorrsllin,
733 4625 797 4696 uniti
816 4599 1630 4702 tace·1)gerreranamsrrrutntenneploerantarzquoniam
1644 4631 1744 4690 talibus

94 4736 150 4783 rent
165 4728 339 4798 ignorantes.
947 4720 1033 4792 treugis
1046 4734 1127 4792 quam
1142 4719 1296 4775 carnalibus
1312 4719 1387 4776 Filiis
1401 4720 1457 4774 beo
1470 4719 1576 4790 placere
1585 4721 1743 4777 voluerunt.

126 4820 209 4877 Porro
223 4822 326 4878 sairam
340 4817 416 4889 saciet
431 4832 539 4888 aponum
554 4832 570 4870 a
583 4813 671 4887 plodio
685 4813 736 4868 orie
756 4829 854 4877 eoram,
869 4819 893 4866 el
947 4813 1039 4870 Pntnit
1063 4828 1128 4884 ergo
1150 4811 1274 4880 Elimiam,
1299 4812 1375 4883 quasi
1389 4812 1532 4870 consitium
1546 4814 1615 4869 dent
1627 4811 1691 4880 tob,
1705 4814 1746 4872 ita

94 4914 123 4970 de
140 4931 219 4970 muna
244 4913 351 4970 uiolenti
366 4928 514 4984 pauperent.
528 4907 667 4965 Christum
683 4923 697 4960 a
716 4905 893 4976 blasphemiis
947 4906 1040 4963 dicere
1053 4924 1060 4960 r
1075 4905 1106 4962 Si
1119 4919 1267 4961 corruersus
1281 4905 1315 4959 atl
1331 4904 1413 4961 ileum
1428 4903 1523 4973 saeris,
1538 4905 1574 4961 ita
1589 4914 1618 4961 at
1632 4915 1661 4965 te
1683 4914 1744 4964 tnu-

93 5008 267 5065 lndnornm:
282 5011 347 5080 quia
364 5009 453 5076 lingue
468 5019 563 5060 eurum
587 5002 693 5074 gladius
715 5013 810 5057 acutius
831 5003 892 5066 init,
947 5014 1007 5055 rum
1023 5013 1135 5068 operum
1150 4997 1322 5068 antiquorum
1339 4999 1479 5069 poeniteal,
1494 5000 1586 5055 cordis
1599 4999 1638 5054 tai
1655 4999 1744 5052 uirtu-

93 5099 216 5168 djoendo‚
234 5101 371 5171 emejfige
387 5114 461 5154 eurr),
949 5093 1030 5158 tibus,
1045 5092 1119 5147 velut
1132 5089 1282 5146 seminibus
1296 5091 1457 5146 abnrnlabis.
1482 5091 1522 5148 De
1541 5089 1639 5162 quibas
1659 5104 1744 5158 opert

126 5195 159 5250 Et
182 5195 233 5252 erit
254 5209 334 5267 epona
356 5205 436 5258 epea:
456 5188 581 5260 iniqrrirne
604 5193 691 5242 ratem
712 5185 844 5240 contrairet
866 5199 895 5238 oa
946 5185 1030 5251 bana,
1046 5194 1181 5254 tarnqnam
1196 5185 1346 5240 sanctitatis
1360 5185 1434 5241 titios
1453 5185 1556 5256 poteris
1577 5198 1745 5254 procrearer

92 5304 174 5344 taum.
191 5287 289 5344 Beatus
303 5286 382 5339 bomo
396 5285 441 5354 qni
453 5281 591 5352 corripitur
605 5295 621 5332 a
636 5279 756 5333 Domino.
772 5275 896 5348 increpa·
949 5277 985 5333 ita
1001 5285 1032 5331 nt
1047 5276 1190 5346 progenies
1208 5290 1321 5345 operum
1342 5287 1448 5333 tauram
1464 5275 1632 5334 multitudini
1646 5275 1747 5342 herba·

93 5383 185 5436 tionem
207 5397 271 5452 erpo
293 5376 402 5432 Domini
420 5391 452 5429 ne
464 5371 605 5444 reprobos:
623 5371 684 5442 qaia
698 5372 751 5444 ipre
765 5368 896 5438 uulnerat,
950 5383 1011 5423 rum
1026 5367 1219 5423 virescentium
1231 5377 1420 5439 comparetur,
1443 5381 1559 5439 quaram
1571 5367 1699 5436 radices,
1720 5370 1746 5432 ti

92 5475 267 5529 etmeuetar:
282 5468 541 5544 permanaturam
561 5469 617 5538 ejas
637 5462 777 5518 sanabunt.
802 5460 836 5515 in
855 5476 900 5517 eea
952 5473 1000 5530 spe
1014 5459 1086 5512 intus
1102 5457 1203 5514 babeas
1222 5458 1490 5528 inremediabiles,
1514 5465 1587 5516 terra
1606 5467 1653 5516 tna
1666 5461 1751 5521 liores

93 5565 306 5622 tribulationibus
321 5560 439 5618 liberabit
452 5571 487 5626 te,
498 5569 522 5614 et
535 5561 563 5613 ia
576 5559 686 5628 septima
701 5573 752 5610 non
767 5563 853 5628 turpet
875 5563 899 5610 te
952 5567 1015 5608 cum
1031 5552 1080 5605 ῐιιιι
1091 5550 1162 5605 tibus
1176 5551 1348 5621 germinabit.

94 5660 202 5714 nolam.
215 5656 252 5714 Ιιι
277 5657 347 5728 sante
366 5661 438 5709 eruet
460 5661 484 5707 ta
507 5651 539 5706 tie
562 5661 655 5706 morta.
677 5645 902 5706 Resurrectionis
991 5642 1152 5716 inpaedierie
1166 5643 1193 5696 in
1206 5641 1368 5696 aburnlantia
1380 5639 1548 5711 repuleram,
1563 5644 1754 5718 marturam

95 5749 197 5808 Christi
210 5751 341 5806 uirtutem
356 5744 487 5802 ostendit.
961 5751 1068 5792 aeetae
1089 5734 1169 5789 tritici
1187 5735 1217 5788 iu
1240 5743 1355 5806 tenrpore
1370 5749 1428 5791 tao.
1451 5731 1655 5796 Consummatie
1676 5742 1757 5802 enata

133 5840 171 5898 Et
181 5843 212 5898 ia
225 5841 292 5898 bello
307 5839 341 5896 tle
352 5854 431 5896 mana
444 5836 535 5912 pluuii.
554 5833 608 5895 Sed
623 5833 777 5902 uideamur,
791 5849 825 5892 ne
839 5833 909 5891 iorte
962 5837 1102 5900 provecta
1114 5826 1215 5893 aetatis,
1227 5825 1381 5897 plenusque
1398 5825 1505 5885 dierum
1518 5827 1546 5885 in
1562 5831 1694 5891 tumulum
1707 5851 1758 5909 po-
