4000 6334
144 346 211 408 titt
595 332 811 397 uatttattltttt
829 332 864 392 itt
884 326 1052 391 astratus.
1073 324 1199 386 astuti.
1218 322 1325 383 cxxv.
1713 312 1783 375 tata

138 460 346 526 abundantibus,
363 466 386 514 et
405 454 533 530 despectio
550 452 677 526 superbis.
701 449 759 507 Non
784 458 886 505 tantum
906 446 933 502 iu
947 452 975 509 A
1023 452 1105 509 tatur,
1120 449 1159 511 ut,
1175 441 1280 498 relictis
1290 438 1465 495 sacularibus
1475 434 1577 504 causis,
1589 432 1616 491 in
1625 432 1711 491 Deum
1725 441 1784 490 tan·

138 558 239 616 diuitiis
257 556 340 621 dicit,
355 552 403 610 sed
418 566 466 609 eas
485 552 532 623 aui
553 547 691 605 abstultiant
712 547 740 601 ιιι
764 543 877 609 ιιιιΙιιιι,
892 539 933 598 illi

138 650 291 722 despiciunt
302 660 436 719 pauperes
453 642 566 701 Citristl.
584 640 686 697 Diuites
695 638 851 710 (lespiciunt
866 650 933 707 pau·

137 757 232 815 peres,
245 749 275 796 et
288 738 400 811 superbi
418 738 467 795 ties
489 738 574 795 'sciunt
586 734 716 801 humiles,
729 740 757 788 et
773 729 825 803 ipsl
839 730 935 786 dicunt

137 835 221 893 multa
234 832 382 907 opprobria
397 841 493 889 cantra
508 836 629 887 sarratam
646 824 809 883 Ecclesiam.

389 941 548 1002 Pstutttts
566 940 684 998 cxtttt.

138 1042 274 1099 Canticum
287 1038 426 1117 proauum.
442 1038 494 1093 iste
507 1036 629 1109 psalstms
639 1034 748 1106 quintus
761 1027 933 1087 ascensionis

172 1124 215 1171 est
228 1120 339 1184 pratttrs,
351 1114 469 1167 ectooens
480 1109 566 1165 uirum
580 1108 656 1163 iltutn
667 1105 774 1161 tidelem
788 1102 931 1173 prolicere,

171 1187 217 1257 aui
234 1200 283 1255 per
292 1184 473 1239 elevationem
484 1179 664 1247 spiritualium
676 1176 816 1233 occlusum
832 1174 865 1229 ad
877 1187 934 1229 ιιι-

172 1257 261 1313 larum
274 1256 455 1311 habitatorem
471 1254 601 1310 evincens
616 1263 712 1305 astrues
726 1247 866 1303 uiabottcc
882 1246 933 1318 isp-

171 1329 310 1385 missionis
323 1327 447 1393 insilias,
463 1326 499 1380 ita
515 1322 655 1380 exorditur
669 1321 764 1376 diceas
781 1336 788 1373 s

173 1443 235 1499 Nisi
244 1442 307 1516 assia
324 1440 447 1497 Dratinus
458 1446 513 1495 erat
527 1438 555 1493 itt
567 1436 641 1493 nabis
652 1450 661 1491 s
672 1436 742 1491 arcas
755 1448 822 1489 uuas
834 1430 930 1488 lsrael.

135 1540 210 1597 Deae
223 1539 249 1595 in
266 1538 344 1595 nobis
360 1537 490 1593 Dominus
501 1533 618 1601 habitat,
633 1532 656 1589 si
669 1547 731 1589 eum
742 1538 841 1587 sanctae
857 1544 934 1585 truen-

135 1634 172 1690 tis
193 1631 426 1703 contemplatione
448 1629 621 1701 suspicimus.
641 1626 703 1685 ittet
721 1626 783 1699 auia
805 1624 933 1681 Dominus

135 1738 193 1785 erut
205 1730 232 1785 in
249 1727 331 1795 stabis,
344 1742 401 1781 sam
416 1732 582 1796 assumerent
600 1720 714 1777 bominac
727 1720 754 1774 in
768 1734 814 1773 nas
831 1734 839 1771 :
855 1718 934 1789 forsi-

1022 523 1078 573 tum
1093 530 1201 571 omnem
1214 510 1408 570 contuentium
1421 509 1582 581 habeamus,
1591 507 1687 565 dicens
1704 524 1711 562 :

1022 627 1073 697 Qui
1084 628 1218 701 osupdurtt
1230 628 1257 683 in
1268 625 1382 681 Domino
1390 626 1458 681 sieut
1468 640 1541 679 mans
1552 622 1619 681 Sion
1630 638 1638 677 :
1649 636 1702 677 aon
1712 635 1785 677 cam·

985 722 1127 781 metuitur
1140 723 1167 777 ia
1182 734 1320 778 oscarum.
1337 720 1419 785 Sion.
1440 717 1560 776 Ecclesia
1573 735 1580 773 ι
1595 731 1675 773 mous
1688 724 1782 771 autem

981 816 1064 889 juxta
1082 815 1235 881 Danielem,
1249 813 1376 869 Cisristus
1390 812 1524 869 Dominus
1545 809 1634 884 (Dan.
1648 808 1696 879 ιι).
1711 808 1783 879 Erpa

984 911 1030 983 qui
1045 911 1073 966 in
1083 924 1146 986 eum
1157 918 1242 965 totam
1252 922 1329 981 spem
1341 914 1456 977 portitat,
1469 920 1524 961 aon
1537 909 1742 961 commorentur
1753 899 1782 957 in

986 1010 1146 1075 perpetuum
1161 1002 1242 1073 :qaia
1255 997 1414 1057 conformes
1426 996 1584 1053 alliciuntur
1596 991 1706 1065 corpori
1720 991 1783 1063 alo·

984 1098 1033 1152 riae
1044 1095 1114 1167 cias.
1132 1093 1183 1163 Qui
1204 1093 1304 1149 babitat
1318 1092 1346 1147 ιιι
1362 1084 1568 1147 ierusalem'ln
1584 1088 1642 1157 ipsa
1657 1082 1779 1141 Ecclesia

985 1199 1073 1247 matre
1085 1198 1190 1259 nasus,
1204 1204 1265 1263 atrae
1275 1203 1382 1245 sursum
1396 1195 1450 1254 cst,
1461 1186 1549 1242 libera
1560 1181 1662 1257 (Galat.
1677 1181 1728 1252 ιι).

1021 1282 1124 1339 tientes
1136 1284 1288 1339 incircuitu
1303 1286 1371 1356 ejus.
1389 1278 1527 1337 eustatie
1548 1290 1719 1342 sanctorum,
1732 1286 1782 1329 sn-

984 1378 1118 1449 aelarum,
1130 1378 1337 1448 propinatarum,
1349 1374 1600 1445 apostolorumque,
1611 1385 1673 1443 auu
1681 1368 1709 1423 in
1724 1380 1784 1423 mo·

984 1471 1048 1527 dum
1067 1470 1239 1543 proceritatis
1258 1478 1394 1525 montana
1415 1460 1738 1537 superemineatcanctis
1753 1458 1781 1515 in

985 1564 1139 1623 sanctitate.
1155 1562 1188 1619 Et
1201 1561 1329 1618 Doruinus
1345 1562 1373 1616 in
1389 1560 1498 1615 circuita
1513 1555 1605 1630 popuii
1618 1555 1673 1623 sai,
1686 1569 1720 1609 ea
1732 1553 1782 1607 itas

985 1675 1053 1715 nune
1065 1668 1090 1714 et
1101 1674 1185 1731 usaue
1198 1659 1227 1712 ιι
1239 1656 1375 1715 mestum.
1390 1655 1465 1712 Sicut
1479 1656 1538 1726 ipse
1551 1650 1673 1725 polliceri
1688 1648 1784 1719 diana·

986 1760 1100 1822 tuaest,
1118 1752 1212 1809 dicens
1225 1768 1232 1807 ι
1244 1750 1316 1807 Ecce
1334 1765 1385 1823 ego
1403 1749 1544 1806 uobiscum
1566 1760 1627 1802 sum
1647 1756 1732 1815 usque
1752 1742 1781 1799 itt

133 1822 261 1878 sarsinas
272 1821 442 1892 lepistisstnt
458 1834 516 1873 uos.
537 1816 594 1873 lion
613 1828 709 1871 carries
727 1822 834 1871 austras
847 1813 932 1869 devo·
950 1846 1250 1913 Bcomummfflonem
1262 1842 1356 1900 muli
1368 1840 1460 1914 (m
1477 1839 1550 1911 ιω.

135 1929 199 1971 rare
211 1915 303 1971 conati
314 1922 378 1971 sunt
389 1912 480 1984 impii;
496 1909 544 1967 sat
556 1909 718 1977 arimaspes
732 1906 934 1978 instigationem
1024 1939 1093 2009 Quia
1107 1953 1160 1994 m
1170 1936 1297 2007 numm
1307 1934 1543 2008 „mm-‚wwm
1558 1939 1722 2003 mmm
1738 1943 1784 1983 w,

134 2007 270 2065 scelerum
284 2006 431 2079 deglutiam
447 2003 494 2062 sed
509 2002 596 2076 erepti
608 2015 702 2059 sumus
713 2000 746 2057 ab
758 2000 800 2057 luis
812 2016 860 2072 per
871 2016 933 2057 eum

134 2102 183 2173 qui
197 2108 258 2157 crat
269 2100 295 2157 ιιι
307 2100 395 2157 ιιιιιιι.
411 2098 459 2157 Cui
473 2098 508 2153 ab
518 2096 571 2154 lucc
580 2098 676 2169 aratia
689 2094 839 2153 celerandae
852 2102 917 2153 suut
927 2106 945 2148 :·

134 2192 201 2267 qula
214 2193 299 2265 gratia
314 2194 373 2265 ejus
387 2192 483 2250 salvati
493 2206 597 2249 sumus.

173 2282 238 2341 Cum
251 2288 405 2343 irasceretur
419 2287 520 2343 uniatur
535 2302 624 2342 corum
638 2285 763 2343 aduersus
776 2302 824 2343 nos
836 2304 846 2343 .·
858 2288 936 2361 [orsi-

135 2390 182 2436 tau
197 2390 225 2435 ut
236 2397 304 2453 aqua
315 2381 506 2438 obsorbuissent
520 2396 576 2436 uos.
588 2377 793 2437 commotiones
804 2381 935 2437 malarum

134 2474 282 2539 mentium,
294 2476 340 2548 aui
356 2483 466 2531 sanctos
479 2474 528 2532 Dei
542 2474 691 2531 absorbere
707 2484 842 2545 nutarunt,
857 2475 935 2545 sartis

134 2576 350 2640 comparantur;
366 2567 413 2625 secl
427 2568 565 2625 barbitante
580 2566 607 2623 in
623 2565 725 2624 sacratis
737 2566 870 2636 Domino,
886 2570 937 2625 tle-

135 2676 232 2719 arsum
248 2661 369 2719 defluunt
383 2671 411 2719 et
423 2662 580 2719 decurrunt.

174 2754 324 2811 Torrentem
338 2756 500 2829 pertransivit
513 2758 600 2811 aalma
614 2767 712 2812 nostra.
727 2754 822 2813 Melius
838 2759 865 2811 ln
880 2756 935 2813 lle-

136 2850 214 2907 Drao
225 2850 327 2909 labet:
343 2850 457 2907 Terrena
477 2853 643 2924 pertransivit
663 2868 740 2925 saper
755 2852 869 2908 arrianam
889 2868 936 2907 uc-

136 2956 220 2999 stram
236 2960 246 3000 :
263 2942 335 3014 attasi
351 2942 458 3003 scilicet
471 2944 549 3001 multi
564 2944 743 3001 tentationum
756 2944 878 3003 turbines
890 2960 937 3002 su·

135 3052 189 3111 per
210 3036 329 3093 animam
350 3036 411 3107 eius
436 3038 617 3103 transierunt,
636 3052 687 3094 nce
705 3044 854 3107 potueruut
874 3052 936 3095 eam

123 3122 249 3195 'trecare,
262 3128 336 3199 iusto
349 3127 457 3187 dicetttc
473 3148 480 3187 ι
495 3129 556 3185 Nisi
569 3131 631 3203 araia
645 3130 773 3189 Dominus
783 3142 840 3187 erat
852 3132 879 3187 in
889 3149 937 3187 uo·

988 2048 1035 2105 per
1047 2040 1142 2088 sortem
1153 2034 1298 2105 justarum.
1314 2028 1369 2085 Pro
1382 2029 1455 2100 sirpo
1468 2026 1494 2081 in
1509 2024 1639 2090 nesrac,
1655 2032 1785 2093 sceptrum

987 2127 1079 2183 itabet.
1097 2126 1155 2181 lloc
1168 2133 1212 2181 est
1227 2139 1295 2195 erpo
1309 2122 1380 2194 qaod
1401 2121 1519 2192 petimus
1535 2138 1541 2172 ε
1556 2134 1591 2173 ne
1607 2129 1658 2173 nos
1672 2113 1785 2171 inducas

986 2219 1220 2283 intentationem,
1236 2232 1316 2288 auam
1330 2213 1447 2271 sufferre
1458 2228 1511 2268 non
1527 2210 1672 2282 possimus.
1690 2205 1786 2263 litnots

986 2310 1199 2384 eetmiautjusti
1209 2311 1245 2365 at
1255 2309 1421 2381 iniquitatem
1435 2322 1529 2362 manus
1538 2320 1610 2363 astas.
1625 2300 1662 2361 lit
1675 2317 1730 2359 aon
1741 2313 1786 2357 co·
1837 2366 1845 2373 ¹

986 2408 1072 2479 uitem
1088 2424 1094 2459 ι
1109 2406 1174 2478 quisi
1189 2404 1254 2469 mibi
1269 2403 1383 2476 prodest
1397 2401 1470 2474 aaut
1484 2400 1575 2473 iustus
1587 2413 1661 2465 sum,
1674 2397 1698 2453 si
1712 2410 1786 2453 sem-

986 2516 1036 2574 per
1052 2510 1254 2575 persequantur
1269 2516 1314 2557 me
1328 2499 1433 2570 iniquit
1447 2496 1482 2555 iit
1500 2514 1552 2553 uas
1570 2495 1721 2561 eateatuut,
1733 2493 1787 2549 itoc

987 2607 1040 2662 cst,
1055 2606 1086 2653 ut
1097 2595 1248 2652 sustineant
1262 2594 1360 2663 malos,
1371 2602 1399 2651 et
1415 2609 1470 2649 oon
1481 2592 1582 2648 iaciant
1593 2588 1676 2647 mala.

1024 2689 1153 2757 Berressa,
1175 2689 1303 2758 Dansine,
1325 2689 1401 2745 bonis
1421 2698 1447 2743 et
1465 2687 1542 2743 rectia
1559 2685 1649 2742 carae.
1669 2683 1720 2754 Qut
1741 2681 1786 2740 ret

987 2788 1051 2844 botri
1064 2796 1130 2845 sunt
1141 2787 1169 2843 in
1183 2800 1277 2859 apere,
1290 2786 1333 2843 rel
1346 2786 1413 2841 recti
1426 2784 1564 2842 habentur
1574 2784 1600 2838 ln
1612 2781 1676 2839 tide.

1022 2880 1189 2936 Declinautes
1199 2890 1287 2936 autent
1300 2881 1329 2936 iu
1339 2879 1509 2953 abtipatioucs
1519 2877 1632 2933 atamen
1646 2866 1786 2932 Dominus.

988 2974 1042 3032 Pro
1055 2974 1278 3047 obligationibus,
1292 2983 1306 3012 ¹
1320 2974 1417 3045 Aquita
1431 2972 1573 3035 iaculante
1592 2971 1785 3039 interpretatus

988 3078 1031 3126 eal
1043 3087 1048 3122 :
1060 3067 1240 3141 Symmachus
1255 3068 1434 3135 σκολιότητας,
1444 3066 1538 3138 quinia
1551 3063 1635 3121 edito
1646 3062 1787 3144 διιστραμ·

988 3164 1063 3235 pinu.
1075 3162 1141 3217 Cum
1151 3160 1317 3230 operantibus
1328 3160 1499 3233 iniquitatem.
1514 3158 1546 3214 lii
1556 3160 1604 3229 qui
1615 3172 1631 3212 a
1642 3156 1785 3229 praeceptis

135 3222 177 3278 bis
190 3238 200 3280 .·
215 3222 285 3279 dieat
304 3221 483 3329 stunculsraei.
508 3220 629 3279 Forsitan
648 3225 828 3296 pertransisset
847 3225 972 3320 animae·
989 3252 1035 3309 Μ
1055 3252 1209 3320 declinam,
1224 3251 1397 3308 ,dduwmur
1410 3266 1472 3309 eum
1487 3250 1529 3307 bis
1542 3250 1588 3320 qui
1603 3248 1690 3306 Deum
1704 3249 1785 3319 igno·

134 3324 228 3373 '‘⁰⁸¹''
253 3333 347 3389 (ΨΜ
377 3317 574 3374 'mmm'
604 3316 722 3375 ΝΜ
751 3319 934 3377 mmm
986 3354 1059 3413 rant,
1081 3351 1112 3401 ut
1122 3344 1207 3401 simili
1217 3344 1354 3401 sententia
1368 3342 1511 3399 feriantur.
1530 3340 1590 3395 Pae
1600 3357 1679 3414 super
1689 3338 1784 3396 israel.

134 3408 208 3481 apud
222 3407 333 3467 Graecos
343 3409 498 3483 arttbiguum
510 3419 552 3467 cst
566 3428 573 3467 r
587 3418 615 3467 et
632 3417 724 3482 potest
735 3426 846 3479 scrutare,
863 3411 935 3483 quoti

132 3502 279 3569 subsistat,
295 3511 323 3559 et
334 3503 406 3576 qttod
423 3504 595 3561 intolerabile
608 3505 654 3571 sit,
667 3504 719 3561 lroc
732 3512 785 3572 ιιι,
796 3504 868 3576 quoti
884 3521 934 3563 ne·

132 3612 183 3654 nro
198 3595 271 3654 lcrre
284 3606 375 3668 queat.
393 3596 447 3655 Pro
460 3613 514 3669 auo
528 3605 556 3654 ct
569 3597 668 3670 Aquila
687 3607 715 3655 ιι
735 3598 932 3672 Symmachus,

132 3698 165 3749 et
181 3689 347 3758 theodotio,
364 3698 392 3747 ιι
412 3706 507 3749 amnes
528 3691 692 3762 interpretes
712 3692 769 3763 pari
783 3708 851 3749 racc
868 3707 934 3748 con-

132 3784 261 3841 sentiunt
273 3802 279 3839 τ
291 3784 422 3857 superbas
432 3798 516 3858 aquas
527 3795 554 3843 et
565 3794 717 3859 arroaantes
728 3786 933 3857 proitruabcru·

131 3902 181 3938 rou
194 3880 398 3937 transferentes.

171 3972 326 4029 Benedictus
338 3970 478 4040 Dominus,
490 3973 535 4045 qui
547 3988 598 4029 non
613 3973 686 4029 aeta
696 3989 743 4029 aas
756 3972 783 4029 ia
798 3982 931 4044 capturam

131 4066 364 4142 aestimatorum.
382 4066 485 4124 ilorum
501 4068 660 4125 torrentium
677 4068 789 4137 dentes,
805 4083 933 4125 numera-

130 4161 202 4219 sitas
215 4168 257 4217 est
270 4161 408 4232 uitiorum,
423 4175 438 4217 a
454 4162 555 4235 quibus
565 4178 600 4219 ιιι
615 4162 771 4235 capiamur,
785 4164 871 4236 gratia
885 4164 931 4221 Dei

130 4268 267 4310 eruimur.

170 4347 266 4404 Aninra
276 4356 374 4417 nostra,
394 4348 461 4403 sieut
475 4365 573 4422 passer,
589 4356 677 4423 erepto
692 4357 730 4405 est
744 4348 776 4404 tie
786 4349 878 4420 iaaseo
889 4366 932 4405 oe·

129 4441 264 4497 nantium.
281 4439 441 4499 Tcatlantur
459 4441 537 4499 stultis
551 4442 639 4514 laquei
659 4443 686 4497 ιιι
700 4445 931 4514 concupiscentiis

129 4534 291 4591 acdirersis
311 4532 456 4591 diabolice
467 4534 574 4591 astutio
586 4534 675 4604 ‹lotis;
691 4536 739 4593 sesi
750 4537 931 4595 coutritoSa-

984 3436 1110 3496 caussas
1123 3439 1255 3495 Dominus
1266 3446 1309 3496 est
1324 3453 1376 3507 pax
1391 3446 1484 3494 nostra
1499 3434 1609 3509 (Epirus.
1623 3437 1666 3507 tri.
1679 3435 1725 3509 qui
1736 3450 1786 3491 aa·

984 3532 1076 3589 iereas
1092 3533 1240 3589 maceriam
1258 3531 1408 3589 inimicitia
1423 3529 1460 3587 tle
1478 3529 1569 3586 metito
1584 3528 1740 3585 iudeorum
1753 3540 1786 3584 aa

983 3626 1116 3699 gentium,
1132 3625 1195 3684 lecit
1215 3635 1332 3698 utraque
1359 3638 1461 3694 unum,
1477 3621 1552 3696 quoti
1565 3631 1625 3679 erat
1638 3628 1702 3679 ante
1715 3618 1787 3677 sliri·

983 3734 1055 3777 ⁸⁰⁰¹·
1235 3809 1396 3869 PSALMUS
1415 3805 1524 3865 CXXV.

983 3926 1119 3983 Canticum
1133 3926 1274 3999 proauum.
1291 3922 1343 3981 iste
1357 3922 1478 3993 psalmus
1492 3918 1783 3991 septimanariorum,

1019 3998 1125 4069 protest
1146 3998 1284 4054 canticum
1314 3994 1357 4051 rel
1389 4007 1532 4051 ascensum
1566 3992 1592 4046 in
1616 4006 1672 4059 auo
1697 3990 1785 4047 tactis

1019 4071 1110 4126 anima
1129 4070 1260 4124 adversus
1276 4067 1421 4123 criminum
1435 4064 1622 4137 captivitatem
1643 4061 1673 4118 iu
1687 4061 1782 4117 Domi·

1019 4158 1085 4199 uum
1100 4141 1230 4207 exsultat,
1244 4148 1273 4196 et
1286 4139 1352 4196 dicit
1370 4157 1375 4191 :

1020 4252 1055 4309 ta
1068 4252 1238 4311 conuertenda
1256 4251 1385 4307 Dominus
1398 4249 1573 4323 captiuitatem
1588 4247 1665 4305 Sion.
1680 4247 1782 4305 Patra-

983 4359 1059 4407 serst
1072 4350 1145 4407 enim
1161 4348 1319 4404 attinersam
1342 4344 1473 4401 mundum
1493 4352 1573 4399 tetus
1586 4342 1731 4413 captivitas
1745 4342 1786 4397 si·

983 4442 1097 4507 tiorum;
1112 4442 1161 4499 secl
1175 4442 1333 4499 lassescente
1351 4438 1430 4495 stabis
1444 4437 1503 4494 sole
1518 4434 1647 4506 justitiae,
1665 4434 1782 4507 effugata

984 4537 1090 4597 cst.Sic
1099 4546 1127 4595 et
1137 4536 1340 4605 Ecclesia,auae
1350 4532 1509 4605 specialiter
1518 4528 1586 4589 Sion
1597 4538 1783 4600 nuncupatur,

131 4634 196 4682 tana
207 4624 259 4683 sub
270 4625 855 4700 pedibusnastris,sicutpasscraoapicnte
866 4646 931 4687 eua-
944 4650 971 4714 1)
982 4632 1118 4703 apparuit.
1135 4626 1215 4685 Facti
1225 4644 1313 4684 tuntas
1327 4626 1394 4684 sicus
1416 4622 1552 4681 consolati.
1569 4624 1624 4680 Pro
1644 4622 1783 4691 consolati,

129 4720 222 4775 lamus
232 4720 267 4777 ab
280 4718 342 4776 iilis.
356 4720 402 4777 Sic
414 4719 486 4777 enim
501 4723 641 4794 sequitur:

170 4810 288 4884 Manent
298 4815 424 4869 contritus
434 4823 482 4884 est,
494 4824 518 4869 et
529 4831 576 4871 nos
586 4817 687 4873 liberati
700 4834 798 4873 sumus.
814 4819 842 4876 Si
857 4821 929 4877 enim

129 4905 264 4962 Dominus
275 4906 379 4963 habitet
391 4908 419 4963 in
430 4907 508 4965 nobis
522 4926 529 4964 ε
541 4908 600 4979 ipsc
611 4907 652 4983 (ut
661 4909 801 4987 dirimusl
811 4910 861 4968 laos
875 4911 930 4968 tiis·

129 5008 240 5069 rumpet
256 5003 375 5072 laqueos,
390 5016 423 5056 ue
438 5016 489 5057 nus
503 5001 663 5073 impediant.

167 5091 333 5165 adiutorium
351 5100 468 5150 nostram
487 5094 515 5151 in
535 5096 637 5151 nomine
657 5092 764 5151 Domini
780 5111 790 5153 s
804 5096 847 5167 qni
867 5097 928 5167 [ecit

129 5184 223 5239 calam
233 5192 257 5239 et
271 5194 377 5241 terram.
394 5184 450 5241 lica
461 5194 503 5242 est
514 5202 612 5242 nomen
621 5187 694 5259 astuti
702 5196 744 5243 est
754 5203 836 5259 super
847 5205 927 5247 omns

129 5290 243 5333 ncmcu.
259 5276 344 5350 liujus
358 5276 477 5334 artusinis
497 5278 651 5351 adiutorio,
672 5279 769 5336 mortis
784 5282 930 5341 vincuntur·

129 5370 233 5441 isaaci,
247 5370 269 5428 si
283 5370 310 5428 in
322 5372 370 5428 illo
383 5386 542 5430 maneamus
556 5374 643 5431 allisi.

381 5482 542 5543 assumus
560 5483 681 5543 cxxiv.

128 5575 266 5633 cancticum
282 5578 422 5654 proauum.
441 5579 495 5636 istc
512 5582 632 5650 psalmus
643 5586 747 5639 'sextus
769 5582 885 5640 babetur
899 5584 927 5641 in

166 5650 281 5707 canticis
295 5649 438 5722 graduum,
453 5652 500 5723 aui
511 5667 545 5709 es
557 5668 625 5711 uoce
642 5656 782 5727 prophetae
796 5669 846 5711 nas
860 5655 926 5711 bar·

982 4740 1079 4783 amnes
1102 4725 1202 4794 pariter
1225 4721 1372 4789 editiones,
1392 4721 1552 4775 soraniautes
1573 4714 1782 4775 transtulerant.

982 4824 1016 4881 Et
1031 4822 1144 4893 pulchre
1157 4818 1344 4887 somniantem
1360 4816 1482 4875 nondum
1496 4825 1538 4873 cst
1552 4816 1627 4873 enim
1644 4814 1722 4886 plens
1736 4813 1784 4869 laa-

981 4918 1051 4984 titia,
1065 4916 1093 4973 in
1105 4914 1261 4986 captivitate
1274 4910 1389 4981 reliquis
1402 4910 1569 4967 constitutis.

1017 5007 1092 5065 Tuus
1110 5008 1234 5080 repletam
1253 5012 1291 5061 est
1313 5005 1411 5079 patratio
1435 5020 1463 5059 as
1487 5010 1604 5059 nostrum
1620 5016 1629 5056 .·
1644 5007 1669 5055 ιι
1690 4998 1782 5071 iinpua

981 5109 1071 5157 nostra
1090 5100 1273 5156 assultatione.
1298 5096 1476 5169 Aspicituali
1497 5104 1525 5151 et
1549 5093 1653 5149 inlunits
1674 5091 1782 5149 latitia.

983 5194 1035 5251 Vel
1048 5210 1079 5250 as
1093 5201 1226 5259 nastrum,
1239 5194 1281 5249 rel
1294 5194 1385 5266 lingua
1402 5190 1522 5262 repletur
1537 5207 1544 5243 ε
1558 5189 1621 5261 quis
1635 5201 1691 5244 nan
1704 5185 1782 5243 suill-

983 5288 1021 5345 ιιι
1034 5296 1121 5345 tantas
1135 5288 1273 5359 explicare
1287 5285 1383 5343 lauces
1398 5298 1447 5356 pro
1462 5282 1548 5353 pratia
1563 5295 1617 5354 qus
1632 5281 1780 5336 salvamur.

1017 5381 1091 5438 Tunc
1104 5382 1191 5437 dicent
1208 5381 1275 5437 inter
1288 5388 1385 5453 pentes,
1401 5375 1580 5449 ttapatpcam
1595 5371 1726 5428 Dontitrats
1738 5373 1754 5443 Ι
1766 5401 1780 5414 -

982 5492 1040 5533 ecre
1050 5493 1107 5531 cam
1120 5476 1184 5532 iilis.
1194 5474 1223 5531 Si
1236 5474 1322 5538 enim,
1335 5470 1439 5528 relictis
1451 5468 1628 5535 transitoriis,
1636 5482 1713 5539 spem
1724 5466 1781 5523 col·

981 5568 1104 5627 locemus
1124 5570 1152 5625 in
1168 5564 1357 5638 sempiternis,
1379 5572 1445 5621 tunc
1465 5562 1643 5633 diciturquia
1667 5572 1781 5631 marnoa

981 5660 1100 5719 noslecit
1113 5660 1257 5727 Dominus,
1267 5657 1427 5730 captivitate
1438 5656 1563 5727 depulsa,
1573 5664 1602 5710 ιι
1612 5653 1683 5712 sicut
1692 5666 1781 5724 auun-

166 5822 180 5851 ·
196 5812 252 5871 lioc
266 5812 325 5871 loco
339 5828 392 5870 uon
403 5822 549 5884 potuerunt
561 5815 697 5876 editiones
711 5828 818 5877 ueteres
832 5818 977 5879 restituere
995 5837 1076 5881 taces
1090 5823 1268 5897 interpretum
1279 5836 1441 5895 gracorum,
1458 5836 1519 5896 aua
1533 5820 1778 5893 transactiones.

128 5884 269 5944 codicibus
281 5886 382 5943 nostris
394 5885 529 5959 paululum
543 5887 699 5960 deprauata.
715 5890 806 5951 Dana.
839 5960 843 5967 ¹

1986 5761 1988 5840 l

1985 5891 1987 5950 ι
